2880 5094
617 629 839 690 ..23-

188 827 321 892 bornius
346 823 476 908 quidem
500 823 596 908 plane
620 823 680 887 sibi
705 829 854 888 constare
876 819 1011 886 videtur.
1074 820 1161 885 Nam
1185 842 1257 884 cum

191 932 287 999 modo
310 932 457 998 docuerit
488 931 627 996 formam
663 934 766 1014 ,erat‘‚
804 930 865 995 nisi
889 930 1023 1015 copulae
1057 928 1128 993 loco
1158 949 1259 1012 pona-

192 1048 253 1123 tur,
278 1040 382 1105 omitti
407 1060 472 1115 non
494 1060 601 1123 posse,
638 1038 724 1104 idem
757 1041 804 1103 vir
839 1037 1041 1102 doctissimus
1075 1039 1127 1115 24,
1158 1037 1210 1115 36,
1239 1037 1254 1097 1

192 1150 282 1231 ,erat‘
306 1147 434 1231 adiecit,
459 1148 602 1230 quamvis
626 1147 659 1211 in
683 1145 846 1212 codicibus
870 1145 951 1210 haec
974 1145 1138 1226 legantur:
1164 1141 1257 1224 ,forte

191 1275 230 1320 ea
261 1276 352 1334 cura,
388 1275 470 1336 quae
506 1253 659 1319 adversus
694 1255 824 1319 Poenos
859 1260 1067 1336 praeparata,
1104 1249 1257 1314 adversus

191 1360 316 1427 Siculos
340 1362 413 1426 usui
437 1360 519 1424 fuit‘
566 1361 722 1426 Attamen
748 1362 825 1444 quin
847 1361 910 1426 hoc
932 1362 1003 1425 loco
1028 1379 1118 1422 mera
1142 1356 1258 1439 copula
1339 1432 1341 1439 ,

190 1469 403 1551 desideretur,
422 1469 491 1552 quis
509 1467 726 1534 dubitaverit?
758 1468 835 1533 Huc
856 1466 989 1551 accedit,
1008 1466 1094 1549 quod
1118 1471 1145 1547 1,
1164 1468 1217 1547 59,
1238 1470 1256 1529 2

191 1577 289 1642 etiam
314 1576 534 1641 coniunctivae
558 1576 738 1660 imperfecti
762 1575 867 1656 deest;
903 1576 958 1658 qui
985 1575 1074 1639 locus
1098 1573 1257 1658 perminus

190 1682 492 1749 Weissenborninm
517 1685 645 1748 minime
664 1682 810 1753 ‘offendit

280 1789 373 1874 Quae
397 1811 468 1854 cum
491 1792 537 1855 ita
561 1791 634 1872 sint,
670 1791 703 1854 id
731 1790 857 1854 videtur
886 1787 1156 1869 constituendum,
1193 1808 1256 1850 non

194 1900 240 1964 ita
262 1920 331 1965 esse
354 1897 565 1981 premendum
589 1898 699 1962 bacin
716 1920 750 1962 re
768 1897 948 1977 discrimen,
975 1895 1061 1977 quod
1077 1894 1258 1959 intercedat

193 2008 277 2073 inter
300 2007 449 2091 copulam
474 2013 505 2070 et
528 2006 660 2070 verbum
684 2007 816 2090 propria
838 2006 868 2068 vi
892 2003 1022 2075 dictum.

279 2113 397 2197 Neque
420 2135 494 2178 vero
518 2113 604 2178 idem
622 2136 748 2197 semper
772 2114 913 2194 verbum,
940 2111 1026 2195 quod
1044 2108 1256 2193 desideratur,

192 2223 398 2306 sequentibus
425 2222 581 2286 contineri
606 2229 751 2309 oportet;
776 2221 831 2287 sed
857 2222 1048 2301 etiamtum,
1074 2239 1145 2282 cum
1170 2217 1257 2281 aliud

192 2329 279 2412 quod
305 2330 435 2395 verbum
460 2331 606 2412 sequitur
639 2330 843 2393 intransitiva
877 2330 907 2393 vi
931 2335 963 2392 et
987 2327 1099 2392 eadem
1128 2328 1257 2391 notione

191 2447 351 2518 ornatum,
387 2459 482 2521 quarn
507 2436 606 2502 habet
640 2436 804 2520 passivum
829 2457 901 2499 cum
924 2436 1021 2500 verbo
1055 2434 1256 2499 substantivo

191 2547 404 2630 coniunctum,
440 2546 597 2610 omittitur
631 2545 762 2609 verbnm
797 2544 1048 2623 substantivum3
1086 2564 1113 2615 0,
1142 2563 1171 2624 g.
1204 2546 1255 2623 10,

190 2655 241 2735 33,
269 2656 287 2717 6
313 2673 442 2738 ,eormn,
468 2653 522 2735 qui
546 2653 631 2717 circa
656 2653 874 2736 quaestorium
899 2652 1044 2735 oppressi
1074 2650 1129 2737 (sc.
1155 2654 1253 2739 sunt),

189 2762 334 2844 periere‘,
361 2760 447 2843 quod
470 2760 555 2824 idem
581 2769 631 2824 est
651 2769 751 2844 atque
768 2759 937 2839 ,interfecti
959 2764 1053 2824 sunt‘
1098 2760 1254 2825 Nonnun-

194 2888 285 2949 quam
320 2888 399 2933 sono
426 2889 553 2950 quoque
575 2876 722 2952 respecto
747 2867 857 2933 Livius
893 2868 1017 2933 videtur
1051 2868 1139 2932 verbi
1168 2871 1278 2933 auvi-⁴

192 2974 277 3041 liaris
300 2976 426 3059 ellipsin
444 2977 683 3058 comprobasse,
709 2997 781 3039 curn
797 2977 893 3041 rebus
910 2977 1071 3061 copiosius
1093 2979 1253 3044 enarratis

190 3083 363 3148 clausulam
396 3083 491 3147 vellet
525 3105 700 3168 apponere,
762 3082 855 3166 Quae
888 3106 928 3148 ne
964 3083 1122 3149 efficiatur
1155 3085 1252 3149 verbo

187 3191 407 3274 monosyllabo
432 3213 510 3256 neve
533 3193 580 3255 ita
595 3192 771 3274 legentium
788 3212 882 3256 aures
898 3194 1106 3275 perstringat,
1133 3195 1253 3257 mavult

186 3316 245 3378 per
269 3296 393 3381 ellipsin
417 3298 521 3381 loqni3
547 3298 633 3363 velut
657 3303 708 3381 26,
728 3303 780 3381 39,
799 3303 839 3363 23
870 3299 1031 3380 ,frumenti
1056 3321 1139 3384 spes,
1170 3324 1251 3383 quae

186 3403 218 3466 in
254 3404 354 3468 oculis
389 3405 503 3489 fuerat,
538 3413 691 3489 utrosque
725 3407 883 3472 frustrata
916 3408 1048 3492 pariter‘
1084 3407 1140 3494 (sc.
1178 3409 1251 3496 est),

80 3498 91 3505 ³
187 3512 239 3592 24,
256 3515 287 3593 4,
306 3512 425 3593 5,haec
443 3513 606 3578 mandata‘
623 3513 682 3600 (sc.
701 3514 797 3601 sunt).
828 3521 857 3592 8,
879 3519 929 3595 17,
949 3520 989 3578 12
1009 3514 1099 3594 ,haec
1116 3537 1153 3580 eo
1167 3539 1250 3583 anno

187 3617 273 3683 domi
305 3621 502 3702 militiaeque
526 3625 627 3703 gesta‘
665 3623 720 3707 (sc.
754 3622 852 3706 sunt).
915 3623 964 3704 10,
991 3626 1044 3704 43,
1073 3629 1091 3686 9
1129 3625 1184 3703 ,sic
1209 3625 1251 3688 ad

186 3722 378 3805 Cominium,
405 3729 450 3792 sic
475 3728 517 3791 ad
543 3727 752 3811 Aquiloniam
777 3738 867 3810 gesta
889 3734 951 3794 res‘
976 3730 1032 3816 (sc.
1057 3730 1128 3816 est),

274 3835 453 3917 Hucusque
477 3835 641 3900 indicativi
676 3843 801 3900 tantum
829 3837 915 3901 modi
950 3838 1107 3902 rationem
1138 3838 1249 3921 habui3

184 3943 275 4006 venio
314 3964 399 4006 nunc
439 3943 481 4007 ad
523 3943 648 4026 ellipsin
681 3943 818 4008 aliorum
854 3944 942 4010 verbi
975 3944 1152 4017 modorum,
1205 3948 1251 4012 Et

184 4050 322 4133 primum
359 4051 488 4132 quidem
529 4053 721 4116 coniunctivi
761 4053 879 4135 ellipsis
924 4055 1018 4117 certis
1059 4052 1249 4136 quibusdam

183 4155 263 4222 locis
282 4158 406 4223 nonita
425 4157 538 4222 validis
556 4159 702 4223 codicum
719 4161 908 4224 testimoniis
925 4162 1047 4229 nititur.
1098 4160 1249 4244 Namque

184 4270 237 4347 22,
255 4267 308 4348 31,
329 4269 367 4329 11
393 4266 424 4328 11
449 4265 597 4331 Puteano
622 4267 667 4330 sic
690 4267 820 4349 legitur:
850 4290 919 4352 ,pro
955 4267 1113 4333 dictatore
1138 4270 1249 4334 caede-

183 4376 294 4454 retur‘,
331 4395 434 4455 neque
468 4374 521 4437 alii
558 4373 684 4439 codices
723 4375 837 4439 melius
874 4375 1049 4459 quidquam
1085 4377 1248 4464 exhibent,

183 4479 293 4564 itaque
324 4482 494 4546 lectionem
529 4483 672 4567 ineptam
708 4482 991 4550 Weissenbornius
1027 4485 1176 4566 correxit,
1212 4492 1249 4551 ut

185 4588 340 4655 scriberet
380 4612 448 4679 ,pro
489 4590 647 4657 dictatore
682 4589 814 4674 fuisset,
860 4591 999 4657 dictator
1042 4591 1247 4665 crede1·etur.‘
