<?xml version="1.0" encoding="UTF-8"?>
<!DOCTYPE html PUBLIC "-//W3C//DTD XHTML 1.0 Transitional//EN"
    "http://www.w3.org/TR/xhtml1/DTD/xhtml1-transitional.dtd">
<html xmlns="http://www.w3.org/1999/xhtml" xml:lang="en" lang="en">
 <head>
  <title>
</title>
<meta http-equiv="Content-Type" content="text/html;charset=utf-8" />
  <meta name='ocr-system' content='tesseract 3.04.00' />
  <meta name='ocr-capabilities' content='ocr_page ocr_carea ocr_par ocr_line ocrx_word'/>
</head>
<body>
  <div class='ocr_page' id='page_1' title='image "./dicendigenustac01petzgoog_0029.png"; bbox 0 0 2880 5094; ppageno 0'>
   <div class='ocr_carea' id='block_1_1' title="bbox 605 285 825 345">
    <p class='ocr_par' dir='ltr' id='par_1_1' title="bbox 605 285 825 345">
     <span class='ocr_line' id='line_1_1' title="bbox 605 285 825 345; baseline 0.005 -17"><span class='ocrx_word' id='word_1_1' title='bbox 605 285 825 345; x_wconf 61' lang='lat'>...24-</span> 
     </span>
    </p>
   </div>
   <div class='ocr_carea' id='block_1_2' title="bbox 156 476 1281 3899">
    <p class='ocr_par' dir='ltr' id='par_1_2' title="bbox 156 476 1281 2917">
     <span class='ocr_line' id='line_1_2' title="bbox 182 476 1255 564; baseline 0.001 -20"><span class='ocrx_word' id='word_1_2' title='bbox 182 476 294 544; x_wconf 89' lang='lat' dir='ltr'>Nihilo</span> <span class='ocrx_word' id='word_1_3' title='bbox 330 479 431 562; x_wconf 82' lang='lat' dir='ltr'>magis</span> <span class='ocrx_word' id='word_1_4' title='bbox 456 481 509 559; x_wconf 89' lang='grc'>44,</span> <span class='ocrx_word' id='word_1_5' title='bbox 534 481 565 559; x_wconf 83' lang='grc'>4,</span> <span class='ocrx_word' id='word_1_6' title='bbox 591 480 612 541; x_wconf 87' lang='grc'>4</span> <span class='ocrx_word' id='word_1_7' title='bbox 644 476 906 544; x_wconf 85' lang='lat' dir='ltr'>Vindobcnensis</span> <span class='ocrx_word' id='word_1_8' title='bbox 938 478 1059 546; x_wconf 89' lang='lat' dir='ltr'>codicis</span> <span class='ocrx_word' id='word_1_9' title='bbox 1092 480 1255 564; x_wconf 88' lang='lat' dir='ltr'>scriptura</span> 
     </span>
     <span class='ocr_line' id='line_1_3' title="bbox 183 586 1253 674; baseline -0.001 -22"><span class='ocrx_word' id='word_1_10' title='bbox 183 609 384 669; x_wconf 87' lang='lat' dir='ltr'>,concursum</span> <span class='ocrx_word' id='word_1_11' title='bbox 409 587 556 651; x_wconf 81' lang='lat' dir='ltr'>abellisin</span> <span class='ocrx_word' id='word_1_12' title='bbox 580 586 653 651; x_wconf 88' lang='lat' dir='ltr'>loci‘</span> <span class='ocrx_word' id='word_1_13' title='bbox 680 587 800 650; x_wconf 85' lang='lat' dir='ltr'>servari</span> <span class='ocrx_word' id='word_1_14' title='bbox 816 593 937 674; x_wconf 77' lang='lat' dir='ltr'>potcst3</span> <span class='ocrx_word' id='word_1_15' title='bbox 960 589 1071 672; x_wconf 90' lang='lat' dir='ltr'>itaque</span> <span class='ocrx_word' id='word_1_16' title='bbox 1088 588 1253 653; x_wconf 87' lang='lat' dir='ltr'>Weissen-</span> 
     </span>
     <span class='ocr_line' id='line_1_4' title="bbox 182 694 1253 780; baseline -0.002 -19"><span class='ocrx_word' id='word_1_17' title='bbox 182 697 312 761; x_wconf 88' lang='lat' dir='ltr'>bornius</span> <span class='ocrx_word' id='word_1_18' title='bbox 339 695 441 760; x_wconf 82' lang='lat' dir='ltr'>edidit</span> <span class='ocrx_word' id='word_1_19' title='bbox 466 716 669 777; x_wconf 89' lang='lat' dir='ltr'>,concursum</span> <span class='ocrx_word' id='word_1_20' title='bbox 694 694 735 759; x_wconf 90' lang='lat' dir='ltr'>ab</span> <span class='ocrx_word' id='word_1_21' title='bbox 758 694 830 773; x_wconf 90' lang='lat' dir='ltr'>illis,</span> <span class='ocrx_word' id='word_1_22' title='bbox 861 697 887 759; x_wconf 90' lang='lat' dir='ltr'>si</span> <span class='ocrx_word' id='word_1_23' title='bbox 910 696 993 777; x_wconf 90' lang='lat' dir='ltr'>loci‘,</span> <span class='ocrx_word' id='word_1_24' title='bbox 1024 717 1107 779; x_wconf 88' lang='lat' dir='ltr'>quae</span> <span class='ocrx_word' id='word_1_25' title='bbox 1132 697 1253 780; x_wconf 89' lang='lat' dir='ltr'>simpli·</span> 
     </span>
     <span class='ocr_line' id='line_1_5' title="bbox 181 803 1254 888; baseline 0 -20"><span class='ocrx_word' id='word_1_26' title='bbox 181 805 271 870; x_wconf 91' lang='lat' dir='ltr'>ciora</span> <span class='ocrx_word' id='word_1_27' title='bbox 294 803 439 888; x_wconf 84' lang='lat' dir='ltr'>profecto</span> <span class='ocrx_word' id='word_1_28' title='bbox 464 804 630 885; x_wconf 88' lang='lat' dir='ltr'>multoque</span> <span class='ocrx_word' id='word_1_29' title='bbox 660 803 885 868; x_wconf 80' lang='lat' dir='ltr'>verisimiliora</span> <span class='ocrx_word' id='word_1_30' title='bbox 920 812 995 868; x_wconf 90' lang='lat' dir='ltr'>sunt</span> <span class='ocrx_word' id='word_1_31' title='bbox 1029 826 1126 887; x_wconf 90' lang='lat' dir='ltr'>quam</span> <span class='ocrx_word' id='word_1_32' title='bbox 1156 804 1254 869; x_wconf 91' lang='lat' dir='ltr'>Mad-</span> 
     </span>
     <span class='ocr_line' id='line_1_6' title="bbox 156 910 1252 994; baseline 0.002 -20"><span class='ocrx_word' id='word_1_33' title='bbox 156 911 256 994; x_wconf 84' lang='lat' dir='ltr'>&#39;vigii</span> <span class='ocrx_word' id='word_1_34' title='bbox 296 912 443 994; x_wconf 86' lang='lat' dir='ltr'>quaesita</span> <span class='ocrx_word' id='word_1_35' title='bbox 481 910 553 974; x_wconf 92' lang='lat' dir='ltr'>illa:</span> <span class='ocrx_word' id='word_1_36' title='bbox 595 912 792 991; x_wconf 89' lang='lat' dir='ltr'>,concursuri</span> <span class='ocrx_word' id='word_1_37' title='bbox 831 910 954 994; x_wconf 89' lang='lat' dir='ltr'>abiere,</span> <span class='ocrx_word' id='word_1_38' title='bbox 993 912 1020 976; x_wconf 93' lang='lat' dir='ltr'>si</span> <span class='ocrx_word' id='word_1_39' title='bbox 1057 910 1120 975; x_wconf 91' lang='lat' dir='ltr'>loci</span> <span class='ocrx_word' id='word_1_40' title='bbox 1144 965 1153 983; x_wconf 82' lang='grc'><strong>,</strong></span> <span class='ocrx_word' id='word_1_41' title='bbox 1177 968 1183 980; x_wconf 89' lang='grc'><strong>,</strong></span> <span class='ocrx_word' id='word_1_42' title='bbox 1209 959 1252 983; x_wconf 80' lang='grc'>,.</span> 
     </span>
     <span class='ocr_line' id='line_1_7' title="bbox 182 1016 1253 1104; baseline 0.001 -22"><span class='ocrx_word' id='word_1_43' title='bbox 182 1018 317 1083; x_wconf 83' lang='lat' dir='ltr'>fuisset‘.</span> <span class='ocrx_word' id='word_1_44' title='bbox 337 1017 359 1104; x_wconf 88' lang='lat'>¹)</span> <span class='ocrx_word' id='word_1_45' title='bbox 419 1016 606 1099; x_wconf 80' lang='lat' dir='ltr'>Tantopcrc</span> <span class='ocrx_word' id='word_1_46' title='bbox 631 1017 714 1082; x_wconf 90' lang='lat' dir='ltr'>enim</span> <span class='ocrx_word' id='word_1_47' title='bbox 744 1018 896 1083; x_wconf 83' lang='lat' dir='ltr'>recedere</span> <span class='ocrx_word' id='word_1_48' title='bbox 920 1040 940 1083; x_wconf 86' lang='lat' dir='ltr'>a</span> <span class='ocrx_word' id='word_1_49' title='bbox 961 1018 1060 1100; x_wconf 83' lang='lat' dir='ltr'>libris,</span> <span class='ocrx_word' id='word_1_50' title='bbox 1090 1025 1127 1082; x_wconf 91' lang='lat' dir='ltr'>ut</span> <span class='ocrx_word' id='word_1_51' title='bbox 1151 1019 1253 1085; x_wconf 82' lang='lat' dir='ltr'>evites</span> 
     </span>
     <span class='ocr_line' id='line_1_8' title="bbox 182 1124 1254 1208; baseline 0.001 -19"><span class='ocrx_word' id='word_1_52' title='bbox 182 1126 375 1189; x_wconf 78' lang='lat' dir='ltr'>coniunctivi</span> <span class='ocrx_word' id='word_1_53' title='bbox 400 1124 535 1208; x_wconf 86' lang='lat' dir='ltr'>ellipsin,</span> <span class='ocrx_word' id='word_1_54' title='bbox 573 1125 702 1189; x_wconf 90' lang='lat' dir='ltr'>omnino</span> <span class='ocrx_word' id='word_1_55' title='bbox 726 1147 790 1190; x_wconf 92' lang='lat' dir='ltr'>non</span> <span class='ocrx_word' id='word_1_56' title='bbox 823 1147 954 1191; x_wconf 88' lang='lat' dir='ltr'>necesse</span> <span class='ocrx_word' id='word_1_57' title='bbox 989 1133 1046 1207; x_wconf 90' lang='lat' dir='ltr'>est,</span> <span class='ocrx_word' id='word_1_58' title='bbox 1082 1148 1153 1190; x_wconf 90' lang='lat' dir='ltr'>cum</span> <span class='ocrx_word' id='word_1_59' title='bbox 1188 1127 1254 1190; x_wconf 86' lang='lat' dir='ltr'>alia</span> 
     </span>
     <span class='ocr_line' id='line_1_9' title="bbox 182 1231 1254 1316; baseline 0 -19"><span class='ocrx_word' id='word_1_60' title='bbox 182 1233 326 1297; x_wconf 90' lang='lat' dir='ltr'>eiusdem</span> <span class='ocrx_word' id='word_1_61' title='bbox 349 1253 426 1296; x_wconf 88' lang='lat' dir='ltr'>usus</span> <span class='ocrx_word' id='word_1_62' title='bbox 451 1231 598 1316; x_wconf 86' lang='lat' dir='ltr'>exempla</span> <span class='ocrx_word' id='word_1_63' title='bbox 620 1232 723 1296; x_wconf 87' lang='lat' dir='ltr'>multa</span> <span class='ocrx_word' id='word_1_64' title='bbox 746 1233 818 1314; x_wconf 89' lang='lat' dir='ltr'>sint,</span> <span class='ocrx_word' id='word_1_65' title='bbox 852 1255 989 1316; x_wconf 89' lang='lat' dir='ltr'>quorum</span> <span class='ocrx_word' id='word_1_66' title='bbox 1020 1233 1101 1298; x_wconf 88' lang='lat' dir='ltr'>haec</span> <span class='ocrx_word' id='word_1_67' title='bbox 1125 1233 1254 1298; x_wconf 87' lang='lat' dir='ltr'>adferre</span> 
     </span>
     <span class='ocr_line' id='line_1_10' title="bbox 182 1339 1254 1423; baseline 0.002 -19"><span class='ocrx_word' id='word_1_68' title='bbox 182 1339 337 1411; x_wconf 86' lang='lat' dir='ltr'>sufficiat:</span> <span class='ocrx_word' id='word_1_69' title='bbox 363 1345 392 1420; x_wconf 95' lang='grc'>2,</span> <span class='ocrx_word' id='word_1_70' title='bbox 411 1342 463 1419; x_wconf 84' lang='grc'>23,</span> <span class='ocrx_word' id='word_1_71' title='bbox 485 1344 502 1403; x_wconf 90' lang='grc'>5</span> <span class='ocrx_word' id='word_1_72' title='bbox 529 1339 789 1422; x_wconf 65' lang='lat' dir='ltr'>,sciscitantibus</span> <span class='ocrx_word' id='word_1_73' title='bbox 815 1342 900 1406; x_wconf 91' lang='lat' dir='ltr'>unde</span> <span class='ocrx_word' id='word_1_74' title='bbox 924 1343 978 1406; x_wconf 92' lang='lat' dir='ltr'>ille</span> <span class='ocrx_word' id='word_1_75' title='bbox 1001 1341 1138 1423; x_wconf 78' lang='lat' dir='ltr'>habitae,</span> <span class='ocrx_word' id='word_1_76' title='bbox 1167 1341 1254 1406; x_wconf 90' lang='lat' dir='ltr'>unde</span> 
     </span>
     <span class='ocr_line' id='line_1_11' title="bbox 183 1445 1252 1531; baseline 0.001 -21"><span class='ocrx_word' id='word_1_77' title='bbox 183 1445 370 1512; x_wconf 76' lang='lat' dir='ltr'>deformitas</span> <span class='ocrx_word' id='word_1_78' title='bbox 410 1449 465 1531; x_wconf 87' lang='lat' dir='ltr'>(sc.</span> <span class='ocrx_word' id='word_1_79' title='bbox 507 1445 620 1530; x_wconf 88' lang='lat' dir='ltr'>esset),</span> <span class='ocrx_word' id='word_1_80' title='bbox 662 1468 733 1510; x_wconf 92' lang='lat' dir='ltr'>cum</span> <span class='ocrx_word' id='word_1_81' title='bbox 773 1448 969 1515; x_wconf 85' lang='lat' dir='ltr'>circumfusa</span> <span class='ocrx_word' id='word_1_82' title='bbox 1008 1449 1105 1514; x_wconf 87' lang='lat' dir='ltr'>turba</span> <span class='ocrx_word' id='word_1_83' title='bbox 1144 1450 1252 1518; x_wconf 69' lang='lat' dir='ltr'>essetf</span> 
     </span>
     <span class='ocr_line' id='line_1_12' title="bbox 181 1554 1253 1640; baseline 0 -20"><span class='ocrx_word' id='word_1_84' title='bbox 181 1561 212 1637; x_wconf 82' lang='lat'>4,</span> <span class='ocrx_word' id='word_1_85' title='bbox 232 1560 283 1639; x_wconf 82' lang='lat'>53,</span> <span class='ocrx_word' id='word_1_86' title='bbox 304 1559 343 1623; x_wconf 87' lang='lat'>13</span> <span class='ocrx_word' id='word_1_87' title='bbox 368 1563 410 1640; x_wconf 80' lang='lat' dir='ltr'>,et</span> <span class='ocrx_word' id='word_1_88' title='bbox 431 1564 586 1638; x_wconf 82' lang='lat' dir='ltr'>tanquam</span> <span class='ocrx_word' id='word_1_89' title='bbox 602 1555 689 1619; x_wconf 89' lang='lat' dir='ltr'>hand</span> <span class='ocrx_word' id='word_1_90' title='bbox 707 1554 822 1619; x_wconf 88' lang='lat' dir='ltr'>dubius</span> <span class='ocrx_word' id='word_1_91' title='bbox 846 1557 930 1620; x_wconf 83' lang='lat' dir='ltr'>inter</span> <span class='ocrx_word' id='word_1_92' title='bbox 946 1556 1091 1621; x_wconf 89' lang='lat' dir='ltr'>tribunos</span> <span class='ocrx_word' id='word_1_93' title='bbox 1115 1556 1253 1620; x_wconf 90' lang='lat' dir='ltr'>militum</span> 
     </span>
     <span class='ocr_line' id='line_1_13' title="bbox 181 1661 1254 1748; baseline -0.002 -19"><span class='ocrx_word' id='word_1_94' title='bbox 181 1664 285 1730; x_wconf 83' lang='lat' dir='ltr'>honus</span> <span class='ocrx_word' id='word_1_95' title='bbox 307 1664 452 1728; x_wconf 87' lang='lat' dir='ltr'>Menenii</span> <span class='ocrx_word' id='word_1_96' title='bbox 476 1661 534 1748; x_wconf 85' lang='lat' dir='ltr'>(sc.</span> <span class='ocrx_word' id='word_1_97' title='bbox 560 1661 669 1747; x_wconf 83' lang='lat' dir='ltr'>essct),</span> <span class='ocrx_word' id='word_1_98' title='bbox 697 1663 723 1728; x_wconf 90' lang='lat' dir='ltr'>si</span> <span class='ocrx_word' id='word_1_99' title='bbox 748 1668 883 1745; x_wconf 86' lang='lat' dir='ltr'>peteret,</span> <span class='ocrx_word' id='word_1_100' title='bbox 910 1663 1133 1729; x_wconf 89' lang='lat' dir='ltr'>consularibus</span> <span class='ocrx_word' id='word_1_101' title='bbox 1158 1664 1254 1728; x_wconf 90' lang='lat' dir='ltr'>comi·</span> 
     </span>
     <span class='ocr_line' id='line_1_14' title="bbox 182 1770 1254 1854; baseline -0.002 -18"><span class='ocrx_word' id='word_1_102' title='bbox 182 1773 235 1836; x_wconf 88' lang='lat' dir='ltr'>tiis</span> <span class='ocrx_word' id='word_1_103' title='bbox 260 1779 310 1837; x_wconf 90' lang='lat' dir='ltr'>cst</span> <span class='ocrx_word' id='word_1_104' title='bbox 334 1773 508 1836; x_wconf 66' lang='lat' dir='ltr'>exclusus!</span> <span class='ocrx_word' id='word_1_105' title='bbox 558 1774 586 1851; x_wconf 90' lang='lat'>3,</span> <span class='ocrx_word' id='word_1_106' title='bbox 606 1771 696 1850; x_wconf 78' lang='grc'><strong>26,5</strong></span> <span class='ocrx_word' id='word_1_107' title='bbox 720 1776 823 1850; x_wconf 90' lang='lat' dir='ltr'>,tanta</span> <span class='ocrx_word' id='word_1_108' title='bbox 840 1770 1014 1854; x_wconf 89' lang='lat' dir='ltr'>trepidatio</span> <span class='ocrx_word' id='word_1_109' title='bbox 1032 1770 1102 1850; x_wconf 83' lang='lat' dir='ltr'>fuit,</span> <span class='ocrx_word' id='word_1_110' title='bbox 1130 1777 1254 1853; x_wconf 91' lang='lat' dir='ltr'>quanta</span> 
     </span>
     <span class='ocr_line' id='line_1_15' title="bbox 183 1876 1252 1965; baseline -0.002 -21"><span class='ocrx_word' id='word_1_111' title='bbox 183 1879 240 1965; x_wconf 78' lang='lat' dir='ltr'>(sc,</span> <span class='ocrx_word' id='word_1_112' title='bbox 266 1876 373 1963; x_wconf 80' lang='lat' dir='ltr'>esset),</span> <span class='ocrx_word' id='word_1_113' title='bbox 414 1879 440 1942; x_wconf 89' lang='lat' dir='ltr'>si</span> <span class='ocrx_word' id='word_1_114' title='bbox 479 1877 607 1958; x_wconf 87' lang='lat' dir='ltr'>urbem,</span> <span class='ocrx_word' id='word_1_115' title='bbox 647 1898 712 1940; x_wconf 92' lang='lat' dir='ltr'>non</span> <span class='ocrx_word' id='word_1_116' title='bbox 752 1883 859 1941; x_wconf 89' lang='lat' dir='ltr'>castra</span> <span class='ocrx_word' id='word_1_117' title='bbox 894 1878 1004 1942; x_wconf 87' lang='lat' dir='ltr'>hostes</span> <span class='ocrx_word' id='word_1_118' title='bbox 1044 1877 1252 1942; x_wconf 85' lang='lat' dir='ltr'>obsiderent‘</span> 
     </span>
     <span class='ocr_line' id='line_1_16' title="bbox 182 1982 1255 2068; baseline -0.003 -17"><span class='ocrx_word' id='word_1_119' title='bbox 182 1991 213 2066; x_wconf 87' lang='grc'>8,</span> <span class='ocrx_word' id='word_1_120' title='bbox 233 1989 285 2066; x_wconf 84' lang='grc'>25,</span> <span class='ocrx_word' id='word_1_121' title='bbox 306 1989 345 2049; x_wconf 95' lang='grc'>12</span> <span class='ocrx_word' id='word_1_122' title='bbox 372 2006 455 2067; x_wconf 90' lang='lat' dir='ltr'>,cnm</span> <span class='ocrx_word' id='word_1_123' title='bbox 482 1990 603 2066; x_wconf 88' lang='lat' dir='ltr'>quanto</span> <span class='ocrx_word' id='word_1_124' title='bbox 639 1982 747 2048; x_wconf 87' lang='lat' dir='ltr'>studio</span> <span class='ocrx_word' id='word_1_125' title='bbox 772 1982 908 2047; x_wconf 89' lang='lat' dir='ltr'>reditum</span> <span class='ocrx_word' id='word_1_126' title='bbox 933 1991 1027 2066; x_wconf 85' lang='lat' dir='ltr'>esset,</span> <span class='ocrx_word' id='word_1_127' title='bbox 1063 2007 1160 2067; x_wconf 85' lang='lat' dir='ltr'>quam</span> <span class='ocrx_word' id='word_1_128' title='bbox 1189 2007 1255 2068; x_wconf 87' lang='lat' dir='ltr'>qna</span> 
     </span>
     <span class='ocr_line' id='line_1_17' title="bbox 182 2090 1251 2178; baseline -0.002 -20"><span class='ocrx_word' id='word_1_129' title='bbox 182 2093 321 2158; x_wconf 88' lang='lat' dir='ltr'>stultitia</span> <span class='ocrx_word' id='word_1_130' title='bbox 350 2099 382 2157; x_wconf 93' lang='lat' dir='ltr'>et</span> <span class='ocrx_word' id='word_1_131' title='bbox 412 2092 595 2156; x_wconf 86' lang='lat' dir='ltr'>temeritate</span> <span class='ocrx_word' id='word_1_132' title='bbox 631 2091 671 2155; x_wconf 91' lang='lat' dir='ltr'>de</span> <span class='ocrx_word' id='word_1_133' title='bbox 705 2090 811 2156; x_wconf 87' lang='lat' dir='ltr'>officio</span> <span class='ocrx_word' id='word_1_134' title='bbox 843 2090 1019 2154; x_wconf 81' lang='lat' dir='ltr'>dccessum‘</span> <span class='ocrx_word' id='word_1_135' title='bbox 1055 2093 1111 2178; x_wconf 80' lang='lat' dir='ltr'>(sc.</span> <span class='ocrx_word' id='word_1_136' title='bbox 1143 2093 1251 2176; x_wconf 88' lang='lat' dir='ltr'>esset).</span> 
     </span>
     <span class='ocr_line' id='line_1_18' title="bbox 183 2197 1253 2285; baseline -0.003 -19"><span class='ocrx_word' id='word_1_137' title='bbox 183 2208 213 2282; x_wconf 89' lang='lat'>9,</span> <span class='ocrx_word' id='word_1_138' title='bbox 248 2206 277 2285; x_wconf 90' lang='lat'>5,</span> <span class='ocrx_word' id='word_1_139' title='bbox 305 2206 323 2266; x_wconf 90' lang='grc'>6</span> <span class='ocrx_word' id='word_1_140' title='bbox 356 2222 503 2284; x_wconf 91' lang='lat' dir='ltr'>,quorum</span> <span class='ocrx_word' id='word_1_141' title='bbox 549 2200 731 2265; x_wconf 85' lang='lat' dir='ltr'>temeritate</span> <span class='ocrx_word' id='word_1_142' title='bbox 780 2197 910 2264; x_wconf 90' lang='lat' dir='ltr'>deducti</span> <span class='ocrx_word' id='word_1_143' title='bbox 952 2205 1068 2281; x_wconf 88' lang='lat' dir='ltr'>essent,</span> <span class='ocrx_word' id='word_1_144' title='bbox 1115 2221 1253 2282; x_wconf 86' lang='lat' dir='ltr'>quorum</span> 
     </span>
     <span class='ocr_line' id='line_1_19' title="bbox 182 2305 1253 2394; baseline -0.002 -22"><span class='ocrx_word' id='word_1_145' title='bbox 182 2310 311 2391; x_wconf 87' lang='lat' dir='ltr'>ignavia</span> <span class='ocrx_word' id='word_1_146' title='bbox 327 2310 455 2373; x_wconf 84' lang='lat' dir='ltr'>abituri‘</span> <span class='ocrx_word' id='word_1_147' title='bbox 480 2310 538 2394; x_wconf 82' lang='lat' dir='ltr'>(sc.</span> <span class='ocrx_word' id='word_1_148' title='bbox 557 2306 687 2393; x_wconf 81' lang='lat' dir='ltr'>essent),</span> <span class='ocrx_word' id='word_1_149' title='bbox 713 2312 765 2389; x_wconf 89' lang='grc'>23,</span> <span class='ocrx_word' id='word_1_150' title='bbox 786 2311 836 2388; x_wconf 88' lang='grc'>10,</span> <span class='ocrx_word' id='word_1_151' title='bbox 857 2307 898 2371; x_wconf 86' lang='grc'>10</span> <span class='ocrx_word' id='word_1_152' title='bbox 923 2328 974 2389; x_wconf 92' lang='lat' dir='ltr'>,ne</span> <span class='ocrx_word' id='word_1_153' title='bbox 991 2305 1174 2371; x_wconf 80' lang='lat' dir='ltr'>offendendi</span> <span class='ocrx_word' id='word_1_154' title='bbox 1191 2307 1253 2371; x_wconf 92' lang='lat' dir='ltr'>sibi</span> 
     </span>
     <span class='ocr_line' id='line_1_20' title="bbox 183 2412 1252 2503; baseline -0.002 -23"><span class='ocrx_word' id='word_1_155' title='bbox 183 2418 256 2481; x_wconf 85' lang='lat' dir='ltr'>novi</span> <span class='ocrx_word' id='word_1_156' title='bbox 280 2417 358 2482; x_wconf 90' lang='lat' dir='ltr'>socii</span> <span class='ocrx_word' id='word_1_157' title='bbox 383 2417 439 2503; x_wconf 80' lang='lat' dir='ltr'>(sc,</span> <span class='ocrx_word' id='word_1_158' title='bbox 465 2415 598 2502; x_wconf 86' lang='lat' dir='ltr'>essent),</span> <span class='ocrx_word' id='word_1_159' title='bbox 624 2422 681 2480; x_wconf 93' lang='lat' dir='ltr'>aut</span> <span class='ocrx_word' id='word_1_160' title='bbox 704 2415 872 2479; x_wconf 87' lang='lat' dir='ltr'>habendus</span> <span class='ocrx_word' id='word_1_161' title='bbox 897 2412 1030 2497; x_wconf 78' lang='lat' dir='ltr'>Capuae</span> <span class='ocrx_word' id='word_1_162' title='bbox 1060 2423 1146 2480; x_wconf 89' lang='lat' dir='ltr'>esset</span> <span class='ocrx_word' id='word_1_163' title='bbox 1170 2415 1252 2480; x_wconf 91' lang='lat' dir='ltr'>sedi-</span> 
     </span>
     <span class='ocr_line' id='line_1_21' title="bbox 184 2522 1281 2605; baseline -0.004 -15"><span class='ocrx_word' id='word_1_164' title='bbox 184 2526 279 2591; x_wconf 83' lang='lat' dir='ltr'>tionis</span> <span class='ocrx_word' id='word_1_165' title='bbox 304 2547 342 2590; x_wconf 91' lang='lat' dir='ltr'>ao</span> <span class='ocrx_word' id='word_1_166' title='bbox 367 2525 536 2589; x_wconf 91' lang='lat' dir='ltr'>turbarum</span> <span class='ocrx_word' id='word_1_167' title='bbox 560 2526 698 2588; x_wconf 85' lang='lat' dir='ltr'>auctor.‘</span> <span class='ocrx_word' id='word_1_168' title='bbox 751 2522 792 2586; x_wconf 93' lang='lat' dir='ltr'>ib.</span> <span class='ocrx_word' id='word_1_169' title='bbox 815 2525 868 2603; x_wconf 87' lang='lat'>43,</span> <span class='ocrx_word' id='word_1_170' title='bbox 895 2525 932 2586; x_wconf 90' lang='grc'>11</span> <span class='ocrx_word' id='word_1_171' title='bbox 959 2524 1124 2605; x_wconf 71' lang='lat' dir='ltr'>,expertia</span> <span class='ocrx_word' id='word_1_172' title='bbox 1155 2544 1252 2605; x_wconf 83' lang='lat' dir='ltr'>qrram</span> <span class='ocrx_word' id='word_1_173' title='bbox 1278 2539 1281 2543; x_wconf 87' lang='grc'><em>·</em></span> 
     </span>
     <span class='ocr_line' id='line_1_22' title="bbox 184 2628 1253 2716; baseline -0.005 -18"><span class='ocrx_word' id='word_1_174' title='bbox 184 2655 282 2716; x_wconf 83' lang='lat' dir='ltr'>grave</span> <span class='ocrx_word' id='word_1_175' title='bbox 305 2634 490 2699; x_wconf 86' lang='lat' dir='ltr'>Romanum</span> <span class='ocrx_word' id='word_1_176' title='bbox 514 2631 683 2715; x_wconf 87' lang='lat' dir='ltr'>imperium</span> <span class='ocrx_word' id='word_1_177' title='bbox 708 2630 804 2695; x_wconf 87' lang='lat' dir='ltr'>sociis</span> <span class='ocrx_word' id='word_1_178' title='bbox 834 2629 890 2715; x_wconf 80' lang='lat' dir='ltr'>(sc.</span> <span class='ocrx_word' id='word_1_179' title='bbox 922 2628 1030 2713; x_wconf 78' lang='lat' dir='ltr'>essct),</span> <span class='ocrx_word' id='word_1_180' title='bbox 1061 2637 1184 2712; x_wconf 88' lang='lat' dir='ltr'>quanta</span> <span class='ocrx_word' id='word_1_181' title='bbox 1206 2631 1253 2693; x_wconf 90' lang='lat' dir='ltr'>in·</span> 
     </span>
     <span class='ocr_line' id='line_1_23' title="bbox 186 2737 1253 2823; baseline -0.002 -19"><span class='ocrx_word' id='word_1_182' title='bbox 186 2740 352 2823; x_wconf 84' lang='lat' dir='ltr'>dulgentia</span> <span class='ocrx_word' id='word_1_183' title='bbox 384 2739 579 2804; x_wconf 84' lang='lat' dir='ltr'>Hannibalis</span> <span class='ocrx_word' id='word_1_184' title='bbox 615 2739 712 2803; x_wconf 88' lang='lat' dir='ltr'>ctiam</span> <span class='ocrx_word' id='word_1_185' title='bbox 749 2738 782 2802; x_wconf 92' lang='lat' dir='ltr'>in</span> <span class='ocrx_word' id='word_1_186' title='bbox 821 2737 965 2822; x_wconf 76' lang='lat' dir='ltr'>captivos</span> <span class='ocrx_word' id='word_1_187' title='bbox 1002 2758 1111 2802; x_wconf 91' lang='lat' dir='ltr'>omnes</span> <span class='ocrx_word' id='word_1_188' title='bbox 1146 2738 1253 2802; x_wconf 89' lang='lat' dir='ltr'>Italici</span> 
     </span>
     <span class='ocr_line' id='line_1_24' title="bbox 183 2846 476 2917; baseline -0.014 -3"><span class='ocrx_word' id='word_1_189' title='bbox 183 2849 320 2914; x_wconf 89' lang='lat' dir='ltr'>nominis</span> <span class='ocrx_word' id='word_1_190' title='bbox 344 2846 476 2917; x_wconf 65' lang='lat' dir='ltr'>fnisset!</span> 
     </span>
    </p>

    <p class='ocr_par' dir='ltr' id='par_1_3' title="bbox 183 2952 1254 3899">
     <span class='ocr_line' id='line_1_25' title="bbox 272 2952 1252 3038; baseline -0.003 -18"><span class='ocrx_word' id='word_1_191' title='bbox 272 2953 370 3020; x_wconf 83' lang='lat' dir='ltr'>Nudo</span> <span class='ocrx_word' id='word_1_192' title='bbox 408 2954 539 3038; x_wconf 91' lang='lat' dir='ltr'>ponitur</span> <span class='ocrx_word' id='word_1_193' title='bbox 578 2952 809 3034; x_wconf 88' lang='lat' dir='ltr'>coniunctivus,</span> <span class='ocrx_word' id='word_1_194' title='bbox 849 2955 896 3017; x_wconf 89' lang='lat' dir='ltr'>ita</span> <span class='ocrx_word' id='word_1_195' title='bbox 933 2962 969 3017; x_wconf 91' lang='lat' dir='ltr'>nt</span> <span class='ocrx_word' id='word_1_196' title='bbox 1007 2953 1149 3037; x_wconf 91' lang='lat' dir='ltr'>suppleri</span> <span class='ocrx_word' id='word_1_197' title='bbox 1188 2975 1252 3018; x_wconf 93' lang='lat' dir='ltr'>non</span> 
     </span>
     <span class='ocr_line' id='line_1_26' title="bbox 183 3059 1253 3147; baseline -0.001 -19"><span class='ocrx_word' id='word_1_198' title='bbox 183 3063 287 3147; x_wconf 87' lang='lat' dir='ltr'>possit</span> <span class='ocrx_word' id='word_1_199' title='bbox 320 3062 514 3145; x_wconf 89' lang='lat' dir='ltr'>cprcximis</span> <span class='ocrx_word' id='word_1_200' title='bbox 548 3061 706 3125; x_wconf 86' lang='lat' dir='ltr'>enuntiati</span> <span class='ocrx_word' id='word_1_201' title='bbox 741 3062 886 3144; x_wconf 88' lang='lat' dir='ltr'>partibus</span> <span class='ocrx_word' id='word_1_202' title='bbox 918 3059 1030 3125; x_wconf 89' lang='lat' dir='ltr'>cadem</span> <span class='ocrx_word' id='word_1_203' title='bbox 1066 3061 1116 3126; x_wconf 90' lang='lat' dir='ltr'>vcl</span> <span class='ocrx_word' id='word_1_204' title='bbox 1140 3063 1253 3127; x_wconf 89' lang='lat' dir='ltr'>similis</span> 
     </span>
     <span class='ocr_line' id='line_1_27' title="bbox 183 3167 1252 3250; baseline -0.002 -15"><span class='ocrx_word' id='word_1_205' title='bbox 183 3170 274 3236; x_wconf 76' lang='lat' dir='ltr'>verbi</span> <span class='ocrx_word' id='word_1_206' title='bbox 298 3168 412 3250; x_wconf 87' lang='lat' dir='ltr'>forma,</span> <span class='ocrx_word' id='word_1_207' title='bbox 437 3168 526 3233; x_wconf 89' lang='lat' dir='ltr'>hisce</span> <span class='ocrx_word' id='word_1_208' title='bbox 549 3168 645 3239; x_wconf 87' lang='lat' dir='ltr'>locis:</span> <span class='ocrx_word' id='word_1_209' title='bbox 680 3171 709 3248; x_wconf 89' lang='lat'>1,</span> <span class='ocrx_word' id='word_1_210' title='bbox 730 3174 819 3250; x_wconf 85' lang='grc'><strong>59,2</strong></span> <span class='ocrx_word' id='word_1_211' title='bbox 857 3167 1072 3250; x_wconf 86' lang='lat' dir='ltr'>,stupentibus</span> <span class='ocrx_word' id='word_1_212' title='bbox 1100 3169 1252 3234; x_wconf 86' lang='lat' dir='ltr'>miraculo</span> 
     </span>
     <span class='ocr_line' id='line_1_28' title="bbox 183 3274 1252 3362; baseline -0.001 -22"><span class='ocrx_word' id='word_1_213' title='bbox 183 3278 239 3357; x_wconf 90' lang='lat' dir='ltr'>rei,</span> <span class='ocrx_word' id='word_1_214' title='bbox 264 3276 353 3342; x_wconf 88' lang='lat' dir='ltr'>unde</span> <span class='ocrx_word' id='word_1_215' title='bbox 377 3299 495 3342; x_wconf 86' lang='lat' dir='ltr'>novum</span> <span class='ocrx_word' id='word_1_216' title='bbox 518 3277 550 3339; x_wconf 91' lang='lat' dir='ltr'>in</span> <span class='ocrx_word' id='word_1_217' title='bbox 574 3276 670 3341; x_wconf 91' lang='lat' dir='ltr'>Bruti</span> <span class='ocrx_word' id='word_1_218' title='bbox 693 3283 825 3360; x_wconf 86' lang='lat' dir='ltr'>pectore</span> <span class='ocrx_word' id='word_1_219' title='bbox 848 3275 1021 3356; x_wconf 86' lang='lat' dir='ltr'>ingenium‘</span> <span class='ocrx_word' id='word_1_220' title='bbox 1058 3274 1113 3360; x_wconf 82' lang='lat' dir='ltr'>(sc,</span> <span class='ocrx_word' id='word_1_221' title='bbox 1140 3276 1252 3362; x_wconf 82' lang='lat' dir='ltr'>esset);</span> 
     </span>
     <span class='ocr_line' id='line_1_29' title="bbox 183 3382 1253 3464; baseline 0.001 -17"><span class='ocrx_word' id='word_1_222' title='bbox 183 3383 238 3447; x_wconf 92' lang='lat' dir='ltr'>ubi</span> <span class='ocrx_word' id='word_1_223' title='bbox 260 3382 406 3448; x_wconf 86' lang='lat' dir='ltr'>notanda</span> <span class='ocrx_word' id='word_1_224' title='bbox 430 3392 479 3448; x_wconf 86' lang='lat' dir='ltr'>est</span> <span class='ocrx_word' id='word_1_225' title='bbox 502 3383 548 3447; x_wconf 88' lang='lat' dir='ltr'>vis</span> <span class='ocrx_word' id='word_1_226' title='bbox 573 3383 662 3448; x_wconf 82' lang='lat' dir='ltr'>verbi</span> <span class='ocrx_word' id='word_1_227' title='bbox 685 3382 871 3462; x_wconf 78' lang='lat' dir='ltr'>deficientia,</span> <span class='ocrx_word' id='word_1_228' title='bbox 898 3382 985 3464; x_wconf 93' lang='lat' dir='ltr'>quod</span> <span class='ocrx_word' id='word_1_229' title='bbox 1009 3403 1073 3446; x_wconf 91' lang='lat' dir='ltr'>non</span> <span class='ocrx_word' id='word_1_230' title='bbox 1098 3384 1253 3448; x_wconf 83' lang='lat' dir='ltr'>auxiliare</span> 
     </span>
     <span class='ocr_line' id='line_1_30' title="bbox 185 3489 1253 3575; baseline 0.001 -21"><span class='ocrx_word' id='word_1_231' title='bbox 185 3492 237 3572; x_wconf 90' lang='lat' dir='ltr'>sit,</span> <span class='ocrx_word' id='word_1_232' title='bbox 263 3489 319 3555; x_wconf 89' lang='lat' dir='ltr'>sed</span> <span class='ocrx_word' id='word_1_233' title='bbox 344 3491 477 3575; x_wconf 88' lang='lat' dir='ltr'>proprio</span> <span class='ocrx_word' id='word_1_234' title='bbox 502 3511 597 3554; x_wconf 88' lang='lat' dir='ltr'>sensu</span> <span class='ocrx_word' id='word_1_235' title='bbox 621 3497 821 3573; x_wconf 85' lang='lat' dir='ltr'>usurpatum.</span> <span class='ocrx_word' id='word_1_236' title='bbox 871 3494 923 3572; x_wconf 92' lang='grc'>22,</span> <span class='ocrx_word' id='word_1_237' title='bbox 941 3494 1030 3571; x_wconf 86' lang='grc'><strong>44,7</strong></span> <span class='ocrx_word' id='word_1_238' title='bbox 1056 3497 1111 3570; x_wconf 90' lang='lat' dir='ltr'>,nt,</span> <span class='ocrx_word' id='word_1_239' title='bbox 1137 3490 1253 3572; x_wconf 87' lang='lat' dir='ltr'>quibus</span> 
     </span>
     <span class='ocr_line' id='line_1_31' title="bbox 183 3597 1254 3682; baseline 0.004 -22"><span class='ocrx_word' id='word_1_240' title='bbox 183 3597 293 3680; x_wconf 84' lang='lat' dir='ltr'>lingua</span> <span class='ocrx_word' id='word_1_241' title='bbox 316 3604 468 3682; x_wconf 88' lang='lat' dir='ltr'>prompta</span> <span class='ocrx_word' id='word_1_242' title='bbox 492 3618 530 3662; x_wconf 90' lang='lat' dir='ltr'>ac</span> <span class='ocrx_word' id='word_1_243' title='bbox 554 3599 725 3662; x_wconf 87' lang='lat' dir='ltr'>temeraria</span> <span class='ocrx_word' id='word_1_244' title='bbox 748 3597 804 3682; x_wconf 82' lang='lat' dir='ltr'>(sc.</span> <span class='ocrx_word' id='word_1_245' title='bbox 830 3597 937 3682; x_wconf 86' lang='lat' dir='ltr'>esset),</span> <span class='ocrx_word' id='word_1_246' title='bbox 963 3618 1065 3679; x_wconf 88' lang='lat' dir='ltr'>acque</span> <span class='ocrx_word' id='word_1_247' title='bbox 1088 3603 1120 3661; x_wconf 90' lang='lat' dir='ltr'>in</span> <span class='ocrx_word' id='word_1_248' title='bbox 1144 3620 1254 3682; x_wconf 84' lang='lat' dir='ltr'>pugna</span> 
     </span>
     <span class='ocr_line' id='line_1_32' title="bbox 183 3705 1254 3789; baseline -0.001 -21"><span class='ocrx_word' id='word_1_249' title='bbox 183 3705 328 3787; x_wconf 83' lang='lat' dir='ltr'>vigerent</span> <span class='ocrx_word' id='word_1_250' title='bbox 350 3709 485 3777; x_wconf 67' lang='lat' dir='ltr'>manns!</span> <span class='ocrx_word' id='word_1_251' title='bbox 546 3710 601 3789; x_wconf 87' lang='grc'>26,</span> <span class='ocrx_word' id='word_1_252' title='bbox 630 3712 683 3788; x_wconf 87' lang='grc'>27,</span> <span class='ocrx_word' id='word_1_253' title='bbox 710 3712 728 3770; x_wconf 94' lang='grc'><strong>6</strong></span> <span class='ocrx_word' id='word_1_254' title='bbox 754 3706 873 3788; x_wconf 73' lang='lat' dir='ltr'>,edixit</span> <span class='ocrx_word' id='word_1_255' title='bbox 906 3706 968 3788; x_wconf 88' lang='lat' dir='ltr'>qui,</span> <span class='ocrx_word' id='word_1_256' title='bbox 994 3727 1127 3787; x_wconf 86' lang='lat' dir='ltr'>qnorum</span> <span class='ocrx_word' id='word_1_257' title='bbox 1154 3726 1254 3789; x_wconf 89' lang='lat' dir='ltr'>opera</span> 
     </span>
     <span class='ocr_line' id='line_1_33' title="bbox 183 3810 1253 3899; baseline 0 -25"><span class='ocrx_word' id='word_1_258' title='bbox 183 3811 216 3874; x_wconf 91' lang='lat' dir='ltr'>id</span> <span class='ocrx_word' id='word_1_259' title='bbox 253 3810 426 3878; x_wconf 88' lang='lat' dir='ltr'>conflatum</span> <span class='ocrx_word' id='word_1_260' title='bbox 466 3813 649 3878; x_wconf 89' lang='lat' dir='ltr'>incendium</span> <span class='ocrx_word' id='word_1_261' title='bbox 685 3816 740 3898; x_wconf 77' lang='lat' dir='ltr'>(sc,</span> <span class='ocrx_word' id='word_1_262' title='bbox 776 3812 884 3899; x_wconf 88' lang='lat' dir='ltr'>esset),</span> <span class='ocrx_word' id='word_1_263' title='bbox 921 3811 1147 3896; x_wconf 62' lang='lat' dir='ltr'>profiteretur!</span> <span class='ocrx_word' id='word_1_264' title='bbox 1197 3812 1253 3877; x_wconf 90' lang='lat' dir='ltr'>Ad</span> 
     </span>
    </p>
   </div>
   <div class='ocr_carea' id='block_1_3' title="bbox 184 4007 1254 4331">
    <p class='ocr_par' dir='ltr' id='par_1_4' title="bbox 184 4007 1254 4331">
     <span class='ocr_line' id='line_1_34' title="bbox 257 4007 1254 4078; baseline -0.001 -17"><span class='ocrx_word' id='word_1_265' title='bbox 257 4007 278 4076; x_wconf 91' lang='lat'>1)</span> <span class='ocrx_word' id='word_1_266' title='bbox 326 4008 362 4061; x_wconf 91' lang='lat' dir='ltr'>In</span> <span class='ocrx_word' id='word_1_267' title='bbox 402 4009 556 4062; x_wconf 89' lang='lat' dir='ltr'>editionem</span> <span class='ocrx_word' id='word_1_268' title='bbox 588 4008 810 4062; x_wconf 85' lang='lat' dir='ltr'>Weissenbornii</span> <span class='ocrx_word' id='word_1_269' title='bbox 851 4010 981 4078; x_wconf 84' lang='lat' dir='ltr'>alteram,</span> <span class='ocrx_word' id='word_1_270' title='bbox 1022 4027 1104 4078; x_wconf 86' lang='lat' dir='ltr'>quam</span> <span class='ocrx_word' id='word_1_271' title='bbox 1144 4009 1254 4062; x_wconf 86' lang='lat' dir='ltr'>curavit</span> 
     </span>
     <span class='ocr_line' id='line_1_35' title="bbox 184 4095 1252 4169; baseline 0 -20"><span class='ocrx_word' id='word_1_272' title='bbox 184 4095 221 4149; x_wconf 89' lang='grc' dir='ltr'>Η.</span> <span class='ocrx_word' id='word_1_273' title='bbox 252 4097 282 4151; x_wconf 85' lang='lat' dir='ltr'>J.</span> <span class='ocrx_word' id='word_1_274' title='bbox 313 4095 480 4163; x_wconf 90' lang='lat' dir='ltr'>Muellerus,</span> <span class='ocrx_word' id='word_1_275' title='bbox 513 4115 547 4150; x_wconf 91' lang='lat' dir='ltr'>ex</span> <span class='ocrx_word' id='word_1_276' title='bbox 582 4097 717 4152; x_wconf 82' lang='lat' dir='ltr'>Vclrlenii</span> <span class='ocrx_word' id='word_1_277' title='bbox 749 4100 911 4153; x_wconf 87' lang='lat' dir='ltr'>coniectura</span> <span class='ocrx_word' id='word_1_278' title='bbox 943 4104 1056 4169; x_wconf 85' lang='lat' dir='ltr'>recepta</span> <span class='ocrx_word' id='word_1_279' title='bbox 1091 4103 1168 4152; x_wconf 86' lang='lat' dir='ltr'>snut:</span> <span class='ocrx_word' id='word_1_280' title='bbox 1203 4099 1252 4164; x_wconf 63' lang='lat' dir='ltr'>,ins</span> 
     </span>
     <span class='ocr_line' id='line_1_36' title="bbox 184 4184 1254 4261; baseline 0.003 -23"><span class='ocrx_word' id='word_1_281' title='bbox 184 4184 281 4240; x_wconf 85' lang='lat' dir='ltr'>sestius</span> <span class='ocrx_word' id='word_1_282' title='bbox 301 4184 506 4239; x_wconf 69' lang='lat' dir='ltr'>concursum*l</span> <span class='ocrx_word' id='word_1_283' title='bbox 526 4186 560 4241; x_wconf 90' lang='lat' dir='ltr'>dc</span> <span class='ocrx_word' id='word_1_284' title='bbox 580 4204 688 4242; x_wconf 82' lang='lat' dir='ltr'>summa</span> <span class='ocrx_word' id='word_1_285' title='bbox 706 4188 796 4258; x_wconf 90' lang='lat' dir='ltr'>belli,‘</span> <span class='ocrx_word' id='word_1_286' title='bbox 816 4207 886 4261; x_wconf 85' lang='lat' dir='ltr'>quae</span> <span class='ocrx_word' id='word_1_287' title='bbox 905 4206 962 4243; x_wconf 90' lang='lat' dir='ltr'>non</span> <span class='ocrx_word' id='word_1_288' title='bbox 980 4190 1072 4245; x_wconf 87' lang='lat' dir='ltr'>minus</span> <span class='ocrx_word' id='word_1_289' title='bbox 1100 4186 1254 4242; x_wconf 80' lang='lat' dir='ltr'>artificiose</span> 
     </span>
     <span class='ocr_line' id='line_1_37' title="bbox 185 4275 326 4331; baseline 0.007 -1"><span class='ocrx_word' id='word_1_290' title='bbox 185 4275 326 4331; x_wconf 87' lang='lat' dir='ltr'>videntur.</span> 
     </span>
    </p>
   </div>
   <div class='ocr_carea' id='block_1_4' title="bbox 0 0 1446 5094">
    <p class='ocr_par' dir='ltr' id='par_1_5' title="bbox 0 0 1446 5094">
     <span class='ocr_line' id='line_1_38' title="bbox 0 0 1446 5094; baseline 0 0"><span class='ocrx_word' id='word_1_291' title='bbox 0 0 1446 5094; x_wconf 95' lang='lat' dir='ltr'> </span> 
     </span>
    </p>
   </div>
  </div>
 </body>
</html>
