2880 5094
647 302 849 362 ¹..qm

210 493 317 578 genda
340 517 405 560 non
431 503 520 584 sunt3
544 517 619 560 nam
643 496 692 560 vel
716 496 931 581 necopinante
954 497 1094 563 invitove
1122 500 1282 584 scriptore

210 603 305 667 aliter
330 601 556 668 describuntur
580 624 717 684 magnae
740 625 803 686 res,
828 604 922 668 aliter
945 626 1075 686 parvae,
1105 605 1282 672 laetissima

210 718 360 795 tempora
377 711 478 790 aliter,
497 710 591 775 aliter
607 710 801 775 tristissima.
836 709 901 776 Sed
918 732 1001 792 quae
1018 710 1114 775 modo
1133 710 1280 794 diximus,

211 819 303 900 quasi
327 817 434 883 aliena
458 824 491 882 et
512 816 709 883 extrinsecus
726 824 894 900 assumpta
910 823 999 882 sunt:
1024 819 1154 883 maximi
1170 820 1203 882 in
1219 819 1281 884 hac

210 927 400 1008 quaestione
423 927 578 990 momenti
602 930 651 991 est
674 925 843 1008 utriusque
867 925 1047 1008 ingenium;
1075 927 1109 990 in
1134 948 1171 991 eo
1196 927 1280 991 enim

209 1033 411 1116 potissimum
436 1032 633 1117 conspicitur
649 1033 811 1114 singulare
828 1030 955 1096 dicendi
971 1053 1080 1115 genus.
1128 1033 1281 1116 Namque

208 1139 318 1222 magni
341 1140 460 1222 ingenii
485 1140 624 1223 scriptor
648 1161 685 1204 eo
710 1139 849 1205 maxime
873 1141 986 1224 elucet,
1011 1138 1099 1223 quod
1123 1161 1188 1205 non
1212 1147 1280 1206 tam

209 1268 243 1311 se
269 1245 312 1311 ad
336 1246 519 1330 opinionem
544 1247 710 1312 hominum
734 1246 958 1312 accommodat
987 1269 1085 1331 quam
1113 1248 1281 1313 hominum

209 1354 390 1439 opinionem
415 1354 525 1437 adse,
551 1354 609 1436 vel,
635 1377 675 1420 ne
697 1356 812 1437 longus
837 1355 906 1436 sim,
932 1375 970 1419 eo
994 1355 1083 1439 qnod
1101 1357 1280 1422 orationem

209 1485 301 1528 suam
325 1463 459 1528 vinculis
483 1463 545 1529 illis
570 1469 753 1548 temporum
788 1469 820 1529 et
846 1485 954 1528 rerum
983 1464 1085 1546 magis
1114 1466 1282 1548 magisque

208 1570 348 1637 liberare
381 1577 414 1636 et
444 1571 488 1636 ad
521 1593 556 1636 se
588 1573 694 1655 ipsum
727 1578 895 1653 tamquam
920 1569 962 1634 ad
996 1572 1100 1635 solam
1134 1594 1281 1637 normam

211 1679 349 1763 dirigere
374 1677 492 1745 studet.

298 1788 344 1853 Ut
367 1787 467 1869 igitur
491 1784 531 1849 de
548 1784 747 1868 temporibus
764 1782 903 1866 primurn
919 1781 1095 1863 videamus,
1120 1782 1189 1847 fieri
1206 1805 1280 1867 pro-

207 1897 293 1963 fecto
318 1916 383 1959 non
409 1894 526 1976 potuit,
557 1893 644 1975 quin,
675 1913 748 1956 cum
777 1891 920 1955 omnium
947 1891 1045 1955 animi
1074 1891 1195 1973 ingenti
1223 1892 1279 1957 illo

207 2007 296 2064 motu
333 2006 591 2080 concuterentur,
629 2020 692 2082 quo
729 2004 928 2064 commutata
963 2005 1012 2063 est
1047 1998 1094 2063 rei
1129 1998 1280 2083 publicae

206 2105 324 2189 forma,
360 2109 472 2190 lingua
504 2128 631 2191 quoque
664 2111 900 2188 immutaretur,
931 2107 979 2171 ita
1002 2113 1039 2171 ut
1069 2107 1158 2171 novis
1182 2106 1279 2171 rebus

209 2215 403 2279 conveniret.
460 2213 572 2297 Atque
605 2220 683 2278 tunc
714 2213 870 2295 homines,
903 2211 1107 2278 Graecorum
1140 2214 1280 2280 maxime

206 2319 323 2385 litteris
349 2322 539 2404 artibusque
562 2323 677 2406 induti,
706 2322 740 2387 id
763 2322 921 2406 imprimis
951 2343 1084 2406 operam
1113 2321 1282 2410 dederunt,

206 2434 243 2491 ut
267 2427 373 2492 soluto
399 2430 524 2514 priscae
548 2428 788 2495 consuetudinis
813 2431 939 2496 vinculo
957 2431 1112 2495 maiorem
1135 2431 1168 2494 in
1184 2430 1280 2495 liber·

206 2539 308 2598 tatem
333 2557 367 2600 se
390 2536 593 2603 vindicarent
616 2538 741 2621 sibique
763 2538 842 2622 ipsis
872 2559 970 2621 quam
994 2539 1167 2602 maximam
1197 2539 1281 2604 face·

206 2650 280 2706 rent
303 2645 431 2728 copiam
455 2668 548 2710 suum
578 2667 713 2710 acumen
736 2645 920 2710 ostentandi
950 2650 981 2709 et
1010 2644 1153 2710 artificiis
1183 2654 1281 2710 antea

206 2748 360 2816 inauditis
384 2752 560 2834 legentium
589 2753 713 2815 animos
743 2752 920 2818 allicerent.
969 2749 1042 2833 Quo
1071 2751 1276 2828 factumest,

206 2865 244 2921 ut
268 2859 466 2924 excitaretur
490 2858 631 2923 studium
656 2858 820 2941 quoddam
846 2864 1015 2923 venustam
1033 2860 1279 2942 elegantemque

207 2965 367 3030 reddendi
392 2966 583 3048 orationem,
609 2966 699 3032 haud
723 2987 800 3030 raro
824 2965 921 3029 rebus
946 2965 1100 3047 neglectis
1128 2983 1207 3044 prae
1231 2961 1277 3025 di·

207 3071 300 3136 cendi
317 3079 403 3161 arte3
427 3075 620 3158 praesertim
637 3096 709 3139 curn
731 3073 878 3155 potentia
900 3072 986 3137 omni
1005 3070 1048 3135 ad
1069 3093 1168 3135 unum
1191 3069 1278 3135 dela·

206 3185 242 3244 ta
264 3179 395 3263 plurimi
421 3180 460 3244 de
486 3183 647 3246 communi
672 3182 737 3245 vita
761 3180 865 3244 securi
889 3201 953 3244 non
983 3179 1048 3243 iam
1077 3178 1277 3260 erigerentur

206 3287 332 3370 magnis
357 3287 545 3371 eximiisque
569 3288 751 3368 virtutibus,
778 3288 918 3370 quaein
943 3287 1065 3370 scripta
1092 3285 1278 3350 redundare

206 3401 349 3478 possent.
397 3395 443 3461 Et
478 3399 622 3479 quamvis
657 3396 910 3480 amplificaretur
943 3400 1041 3477 atque
1075 3394 1277 3459 excoleretur

207 3502 320 3585 lingua
336 3502 456 3568 Latina
472 3505 656 3585 multorum,
684 3504 738 3587 qui
761 3504 793 3567 in
810 3502 926 3567 litteris
951 3524 1076 3567 summa
1092 3524 1165 3566 oum
1181 3501 1279 3566 laude

207 3612 429 3693 versabantur,
454 3612 625 3697 praeclara
642 3632 752 3695 opera,
777 3619 886 3675 tamen
902 3611 1029 3695 priscae
1051 3610 1129 3674 illae
1150 3617 1183 3673 et
1206 3608 1279 3672 sim-

205 3718 305 3804 plices
328 3720 450 3784 liberae
473 3719 520 3784 rei
543 3719 694 3804 publicae
717 3718 804 3800 leges
826 3716 986 3785 oblivione
1008 3715 1229 3782 obruebantur
1246 3721 1278 3779 et

207 3824 304 3890 alieni
328 3824 369 3890 ab
393 3825 456 3890 illis
479 3846 585 3891 mores
609 3826 643 3888 in
666 3825 809 3907 linguam
826 3824 1075 3906 inducebantur,
1100 3823 1189 3889 velut
1212 3830 1278 3888 stu·

205 3931 293 3996 dium
318 3938 417 4015 atque
434 3953 526 3997 amor
550 3954 622 3996 cum
640 3931 682 3995 ad
699 3928 902 3996 Graecorum
920 3932 1100 3999 orationem
1117 3928 1279 3994 artissime

206 4060 240 4104 se
265 4039 463 4123 applicandi,
488 4049 558 4105 tum
585 4039 617 4103 in
651 4061 768 4124 purum
793 4060 973 4104 sermonem
1006 4037 1167 4103 urbanum
1200 4036 1279 4101 reci-

204 4144 314 4230 piendi
331 4168 379 4213 ea.
398 4168 482 4228 (quae
498 4146 735 4231 provinciarum
758 4152 860 4211 erant.
894 4146 959 4211 Illa
979 4151 1087 4211 aetate
1107 4143 1145 4210 Τ.
1167 4143 1278 4208 Livius

204 4274 312 4320 rerum
329 4255 468 4338 scriptor
483 4254 616 4320 exstitit.
665 4251 728 4337 Qui
745 4274 846 4320 novae
862 4253 926 4319 arti
943 4252 1125 4337 ecquidem
1142 4250 1276 4333 obstitit,-
