2834 4770
571 290 783 354 „73-

149 487 199 568 10,
224 486 277 566 38,
304 487 343 550 12
368 491 400 548 01
421 485 567 567 saepius,
585 486 701 568 ,regios
725 485 841 567 regias‘
859 489 911 567 24,
930 490 983 568 25,
1001 489 1035 568 6;
1056 486 1214 568 ,tribunus

147 592 319 672 tribunum,
357 594 501 655 centurio
535 592 762 674 centurionem,
800 613 896 675 eques
931 594 1090 676 equitem,
1114 594 1214 676 pedes

147 697 299 782 peditem‘
333 703 383 782 27,
414 703 456 763 46
494 704 525 778 1,
560 699 750 780 ,legionibus
774 699 935 781 logiones‘,
968 701 1037 784 ,sed
1060 701 1108 765 111
1133 723 1214 766 unus

147 828 219 870 curn
253 807 330 869 viro‘
368 811 419 888 38,
457 808 515 888 17,
542 813 576 894 8;
611 807 684 890 ,vim
718 807 758 870 ri‘
788 806 830 870 ib.
867 813 918 886 38,
957 813 1007 872 16.
1032 847 1075 855 -
1100 808 1215 873 Paullo

147 915 248 994 magis
283 914 346 977 alia
377 915 460 978 inter
493 935 526 978 se
560 915 763 1000 discrepant;
797 936 824 978 e.
862 937 892 998 g.
921 921 948 996 l,
983 919 1036 997 48,
1068 918 1086 980 2
1120 917 1215 999 ,regis

147 1021 258 1103 regni‘.
284 1028 312 1104 9,
338 1027 389 1102 38,
417 1027 435 1084 3
461 1021 637 1102 ,occidione
663 1020 784 1091 occidi‘.
810 1027 862 1099 26,
887 1025 940 1104 48,
962 1028 1000 1087 11
1019 1024 1097 1104 ,sine
1117 1023 1215 1087 modo

148 1152 186 1193 ac
219 1129 399 1199 modestia‘
445 1133 497 1210 28,
531 1134 584 1210 41,
623 1133 662 1194 13
702 1150 795 1212 ,quae
835 1129 1030 1212 acciderunt,
1071 1130 1216 1195 accidere

147 1240 304 1319 possunt‘,
330 1235 480 1300 Ceterum
505 1235 615 1300 Livius
639 1257 679 1299 ne
703 1236 816 1299 talium
840 1236 970 1319 quidem
987 1237 1216 1302 vocabulorum

147 1345 296 1408 iunctura
319 1350 421 1424 vacat,
449 1365 584 1425 quorum
609 1343 703 1407 alteri
720 1344 856 1408 alterum
880 1366 957 1409 sono
977 1351 1103 1409 tantum
1114 1345 1216 1410 simile

147 1453 211 1533 fiat,
237 1452 323 1514 velut
360 1457 389 1533 5,
427 1455 478 1531 28,
514 1457 532 1514 5
567 1452 696 1535 ,partim
731 1453 818 1533 artis,
855 1453 973 1536 partim
1002 1452 1112 1516 arduis
1136 1453 1216 1524 viis‘

151 1567 180 1640 8,
201 1563 252 1640 38,
273 1564 312 1624 13
330 1580 409 1642 ,0000
425 1557 548 1642 praeda
568 1557 801 1642 praepediant‘,
823 1562 877 1640 39,
899 1563 952 1640 49,
971 1563 990 1625 7
1006 1566 1054 1643 ,ut
1076 1581 1140 1623 uon
1156 1580 1216 1644 pro

148 1689 231 1732 vano
256 1667 362 1750 modo,
387 1666 443 1730 sed
468 1668 519 1728 vix
542 1687 600 1749 pro
627 1686 705 1730 sano
730 1667 861 1730 nuntius
888 1666 1074 1738 audiretur‘.
1092 1664 1217 1732 —Sed

148 1797 188 1838 ne
212 1775 339 1856 longius
372 1773 570 1857 progrediar,
606 1773 670 1836 iam
703 1773 744 1836 ad
779 1773 1039 1838 allitterationem
1063 1781 1216 1846 revertor,

148 1882 242 1946 lllam
268 1903 340 1944 oum
364 1880 589 1946 Kuehnastius
613 1881 660 1944 111
685 1879 887 1945 doctissimus
911 1881 945 1945 in
971 1904 1080 1946 earum
1101 1881 1217 1963 figura·

150 2012 221 2053 rum
246 2010 377 2052 numero
401 1989 559 2073 habeatl),
586 1987 702 2070 quibus
727 1990 867 2052 varietas
892 1991 1030 2054 orationi
1046 1989 1215 2071 tribuatur,

149 2097 320 2161 manifesto
353 2097 544 2161 varietatem
577 2095 666 2159 illam
700 2116 737 2158 00
772 2102 918 2160 constare
946 2098 1024 2178 vult,
1059 2097 1145 2180 quod
1168 2098 1218 2161 101

153 2205 286 2288 simplici
303 2205 488 2268 narratione
504 2204 642 2286 scriptor
659 2210 769 2265 utatur
785 2203 833 2267 vel
846 2203 942 2267 variis
960 2204 1112 2269 orationis
1126 2226 1218 2269 orna·

153 2317 274 2391 mentis,
299 2312 386 2375 101111
402 2311 522 2393 figuris,
548 2310 659 2395 tropis
677 2310 757 2378 aliis,
794 2303 899 2374 Hriius
916 2311 1082 2377 varietatis
1103 2313 1218 2377 allitte·

149 2421 305 2483 rationem
332 2441 400 2483 esse
424 2419 600 2483 rectissime
624 2417 760 2480 iudicari
783 2422 900 2500 potest.
949 2414 1014 2482 Sed
1047 2425 1116 2481 tum
1141 2419 1217 2501 quid

150 2527 263 2591 Tacito
288 2527 455 2605 faciamus,
487 2527 541 2609 qui
566 2527 693 2589 omnino
712 2524 754 2588 ad
778 2524 897 2606 figuras
914 2545 988 2588 raro
1006 2524 1215 2608 descenderit,

150 2636 312 2697 rarissime
337 2633 379 2696 ad
404 2655 467 2712 eas,
493 2654 575 2718 quae
599 2633 792 2697 rhetoricam
817 2629 1005 2694 redoleant?
1026 2632 1142 2715 Itaque
1165 2655 1217 2696 ra·

149 2743 245 2806 110100
263 2764 313 2826 eat,
331 2763 427 2823 quain
447 2741 671 2804 Kuehnastius
699 2737 864 2819 intellegit,
894 2737 936 2801 ad
960 2737 1109 2804 Tacitum
1138 2742 1216 2804 nihil

150 2851 305 2931 pertinet,
323 2851 419 2911 immo
434 2849 460 2912 is
478 2849 672 2930 varietatem,
687 2868 768 2928 quae
785 2846 899 2911 melius
917 2845 1032 2912 dicitur
1046 2849 1216 2933 1111101101),

150 2957 250 3020 multo
268 2957 421 3038 ampliore
439 2976 535 3020 sensu
551 2955 746 3020 intellectam
762 2956 833 3036 ipsa
845 2954 1074 3020 allitteratione
1091 2956 1219 3020 sublata

153 3086 385 3146 nonnunquam
403 3063 528 3126 videtur
547 3062 707 3144 petivisse,
727 3100 767 3108 —-
785 3061 830 3124 Et
854 3068 890 3124 ut
912 3062 974 3126 1100
997 3063 1068 3128 1000
1093 3064 1133 3128 ab
1159 3088 1215 3130 usu

152 3172 343 3255 simpliciore
376 3171 502 3252 ordiar,
540 3168 674 3234 Tacitus
706 3169 968 3233 ullitterationem
1004 3192 1074 3235 ourn
1110 3173 1218 3237 mode-

152 3279 275 3342 ratione
310 3281 486 3363 usurpauit,
520 3300 557 3342 00
590 3278 726 3341 manime
760 3277 901 3361 oonsilio,
935 3299 975 3342 ne
1006 3281 1107 3344 oratio
1133 3282 1218 3344 omni

150 3387 310 3451 rhetorico
356 3387 442 3450 cultu
489 3392 666 3467 ornatuque
705 3384 829 3450 nudata
872 3385 998 3466 frigeat,
1061 3387 1218 3451 Attamen

151 3516 263 3558 rursus
296 3495 328 3556 in
364 3493 539 3557 minoribns
575 3492 778 3576 potissimum
810 3492 937 3574 scriptis
969 3492 1014 3555 illi
1048 3514 1081 3556 se
1118 3493 1216 3575 dedit,

153 3623 248 3682 quam
272 3603 304 3663 in
328 3601 502 3664 maioribus
526 3601 627 3681 magis
651 3601 818 3680 magisque
842 3601 980 3680 evitavit,
1003 3600 1049 3663 ita
1071 3608 1106 3664 ut
1123 3602 1218 3666 inter-

153 3709 229 3771 dum
253 3730 312 3790 pro
337 3708 493 3772 vocabulo
518 3709 639 3791 aliquo,
670 3706 756 3789 quod
781 3714 868 3771 certo
894 3692 1105 3791 exspectares
1130 3707 1218 3772 aliud

153 3816 317 3898 quoddam
342 3818 437 3896 longe
461 3816 633 3899 repetitum
658 3816 843 3896 substituat,
881 3813 975 3878 modo
1006 3836 1045 3878 ne
1070 3813 1112 3876 ad
1137 3814 1219 3878 allit-

153 3926 346 3988 torationem
371 3923 582 4008 deferatur3);
615 3924 701 3986 velut
735 3923 823 3993 Anu,
860 3924 887 4003 1',
922 3925 975 4005 42,
1003 3926 1018 3984 1
1045 3943 1118 4005 ,11011
1142 3922 1219 3984 milri

223 4283 246 4349 3)
266 4301 336 4352 quae
360 4301 404 4336 100
430 4282 539 4336 Wolflii
563 4281 718 4338 sententiae
743 4281 920 4355 adversatur,
951 4279 984 4334 cf.
1009 4280 1104 4340 adnot.
1128 4296 1219 4339 meam

153 4391 179 4443 p.
199 4374 240 4427 27.
