2880 5094
651 295 897 388 -74-Ι

229 510 310 553 uxor
344 495 402 552 aut
433 487 517 553 filius
550 493 642 571 patre
676 494 709 555 et
731 510 765 554 re
787 489 917 572 publica
940 489 1083 554 cariores
1107 492 1204 560 sunt‘.
1244 489 1297 553 Ibi

230 596 314 661 euim
338 596 492 681 scriptum
509 595 666 678 crederes,
691 596 778 679 quod
800 597 1071 679 simplicissimum
1087 603 1165 681 erat,
1190 603 1296 680 ,patre

229 711 262 768 et
285 703 418 787 patria‘3
444 704 530 785 quod
555 703 660 786 ipsum
685 704 765 769 alias
788 704 821 768 in
839 703 994 768 eiusmodi
1010 705 1167 769 iuncturis
1183 704 1296 787 posuit

230 810 373 892 Tacitus,
399 810 438 881 of,
465 808 574 875 Germ.
590 816 641 895 31,
667 814 686 877 6
702 811 893 895 ,dignosque
909 814 1014 895 patria
1030 833 1068 875 ac
1084 811 1295 894 parentibus‘.

229 917 317 986 Hist,
352 922 381 1001 5,
407 920 457 997 17,
486 922 522 981 11
559 919 741 1000 ,coniugum
773 925 944 1003 parentum
968 920 1092 1004 patriae
1115 919 1294 983 memores‘.

229 1024 317 1096 Ann,
354 1024 381 1108 1,
415 1029 465 1107 59,
500 1029 538 1088 19
573 1025 609 1109 ,si
640 1026 779 1110 patriam
809 1034 958 1110 parentes
983 1027 1118 1110 antiqua
1140 1025 1295 1096 mallent‘,

230 1130 295 1198 Sed
325 1133 396 1196 loeo
433 1153 532 1214 supra
567 1132 653 1197 dicto
689 1133 776 1197 aliud
816 1134 1052 1197 substantivum
1088 1132 1165 1197 data
1197 1152 1296 1215 opera

230 1240 396 1322 quaesivit,
430 1260 470 1303 ne
503 1239 600 1303 nimio
636 1239 777 1304 eiusdem
800 1239 924 1321 figurae
948 1262 1007 1305 usu
1031 1241 1173 1321 legentes
1199 1237 1296 1303 offen-

230 1348 333 1434 deret,
367 1354 536 1430 tantopere
568 1346 642 1410 stilo
675 1347 829 1411 variando
863 1347 1023 1417 studebat,
1071 1345 1187 1432 Neque
1217 1367 1294 1409 vcro

229 1462 297 1518 tarn
320 1453 452 1537 putidus
476 1453 508 1515 in
533 1454 710 1518 variatione
734 1454 804 1535 fuit,
829 1461 962 1536 utnon,
988 1455 1042 1518 ubi
1066 1456 1195 1536 linguae
1219 1475 1295 1518 con·

229 1561 367 1627 suetudo
400 1560 449 1625 vel
482 1561 642 1625 sententia
673 1561 844 1625 verborum
876 1570 1033 1644 posceret,
1066 1563 1099 1625 in
1129 1561 1295 1627 vocabulis

229 1669 459 1733 allitteratione
492 1668 615 1732 ornatis
648 1669 880 1753 acquiesceret,
924 1671 957 1734 in
988 1671 1066 1752 ipsis
1100 1668 1293 1733 Annalibus,

229 1776 352 1842 Tamen
383 1773 541 1840 eiusmodi
574 1775 730 1859 notiones,
763 1777 845 1840 sicut
877 1777 1081 1841 Woelfflinus
1110 1776 1295 1841 acutissime

229 1881 447 1967 observavitl),
472 1881 519 1944 ita
542 1887 670 1944 tantum
694 1882 879 1963 iunguntur,
909 1891 945 1947 ut
973 1905 1221 1968 synonymorum
1245 1883 1295 1946 vel

229 1991 461 2055 antithetorum
485 1987 534 2050 uel
558 1986 773 2070 supplementi
798 1990 865 2052 vice
889 1989 1018 2055 functae
1046 1976 1186 2054 firmiore
1217 2010 1294 2072 quo·

230 2098 304 2162 dem
329 2096 453 2159 vinculo
479 2093 697 2166 cohibeantur,
742 2095 834 2179 Quae
859 2104 966 2162 autem
983 2098 1075 2163 addit
1095 2100 1142 2162 vir
1158 2098 1295 2162 clarissi-

228 2227 312 2275 mus:
337 2213 414 2280 ,oder
433 2229 515 2266 wenn
535 2212 579 2267 die
598 2214 799 2269 verbundenen
823 2216 945 2285 Begriffe
971 2221 1049 2269 sonet
1071 2216 1124 2270 wie
1144 2216 1190 2270 ein
1209 2214 1294 2269 fustes

229 2322 394 2376 Vernultnis
413 2324 567 2392 eingehen‘,
592 2338 630 2381 ea
661 2324 727 2381 tam
766 2319 915 2400 ambigue
955 2318 1114 2401 dicuntur,
1147 2324 1184 2381 ut
1216 2316 1296 2379 nibil

228 2425 303 2489 inde
327 2425 449 2490 fruetus
475 2427 640 2508 percipere
663 2427 830 2509 possimne.
869 2426 915 2491 Ut
937 2426 1036 2507 igitur
1058 2424 1215 2506 exemplis
1244 2444 1295 2487 res

228 2531 425 2616 inlustretur,
455 2554 632 2619 synonyma
663 2533 835 2613 ,inauditus
868 2540 901 2597 et
933 2532 1128 2597 indefensus‘
1162 2530 1296 2613 Dialogi

228 2639 429 2724 potissimum
463 2649 537 2703 sunt
570 2648 668 2722 atque
708 2641 943 2722 Historiarum,
977 2662 1004 2711 v,
1042 2639 1124 2709 Dial.
1158 2641 1208 2722 16,
1243 2642 1294 2704 14.

228 2745 315 2811 Hist.
352 2751 379 2830 1,
405 2751 433 2831 6,
468 2751 497 2816 6,
539 2750 567 2828 2,
606 2753 655 2828 10,
689 2753 738 2817 12,
785 2747 911 2812 Eadem
935 2747 1023 2819 Ann,
1049 2752 1079 2829 2,
1106 2750 1157 2828 77,
1185 2746 1297 2812 1016-

228 2856 399 2918 veniuntur
422 2856 453 2917 in
479 2856 632 2938 erutione,
658 2877 722 2937 qua
745 2856 909 2920 Domitius
934 2854 1028 2920 Celer
1055 2853 1174 2937 Pisoni,
1207 2853 1297 2917 cuius

232 2964 353 3028 scelere
387 2960 599 3027 Germanicus
639 2961 830 3028 credebatur
867 2970 1013 3029 mortuus
1043 2984 1123 3042 esse,
1156 2960 1297 3025 reditum

228 3072 260 3134 in
276 3069 402 3152 Syrium
419 3069 631 3134 commendat.
671 3069 710 3133 In
730 3068 907 3135 Germania
923 3069 1067 3135 notanda
1084 3078 1172 3133 sunt:
1189 3073 1239 3150 10,
1256 3071 1297 3134 10

227 3178 344 3261 ,avium
368 3198 461 3240 roees
485 3178 696 3260 volatusque!
722 3181 771 3261 14,
799 3183 837 3241 17
862 3177 990 3261 ,sudore
1014 3175 1185 3258 adquirere
1209 3173 1297 3259 quod

227 3285 331 3365 possis
369 3285 524 3364 sanguine
559 3288 695 3369 parure‘.
738 3288 789 3365 21,
820 3290 840 3349 u
877 3285 1027 3365 ,lumenta
1060 3305 1098 3349 ae
1128 3284 1297 3367 lacrimas‘,

229 3412 310 3473 quae
333 3392 365 3453 in
388 3391 476 3455 libris
498 3393 730 3476 posterioribus
753 3393 921 3463 evitantur,
957 3392 1040 3456 Item
1062 3396 1298 3475 componuntur

228 3503 352 3580 ,poenu‘
384 3511 416 3564 et
449 3499 666 3582 ,paenitentia‘
697 3497 779 3579 Agr,
815 3504 864 3582 19,
893 3503 947 3579 10;
983 3500 1069 3563 Hist.
1096 3501 1125 3581 5,
1160 3503 1212 3577 25,
1241 3502 1297 3575 173

228 3605 316 3673 Aun.
357 3611 383 3686 1,
419 3610 472 3686 45,
511 3609 540 3677 5.
590 3606 653 3671 Sed
688 3627 771 3688 quae
795 3605 972 3669 Anrraliunr
995 3606 1127 3688 propria
1151 3611 1234 3685 sunt,
1260 3624 1299 3667 ea

228 3713 399 3795 aliquoties
423 3717 454 3778 in
472 3716 628 3780 Historiis
647 3724 829 3793 occurrunt,
857 3735 1019 3795 nunquam
1038 3714 1104 3778 fere
1120 3715 1153 3777 in
1169 3711 1299 3776 minori-

228 3821 285 3883 bus
309 3821 414 3902 libris,
452 3844 477 3894 c,
502 3845 532 3904 g,
557 3822 730 3906 ,superbia‘
766 3830 799 3886 et
822 3822 974 3903 ,soevitia‘
998 3821 1084 3884 Hist.
1113 3825 1141 3905 3,
1168 3825 1218 3903 31,
1244 3824 1298 3891 22,

228 3928 269 3991 ib.
290 3934 340 4009 77,
368 3934 407 3994 17
437 3929 600 4013 (superbe
625 3929 818 4015 saeveque‘).
854 3929 942 3999 Anu.
972 3933 1000 4009 1,
1027 3932 1154 4012 72,17.
1188 3933 1218 4008 3,
1243 3932 1296 4007 40,

231 4039 279 4104 11,
305 4040 336 4120 4,
363 4041 414 4117 68,
442 4040 492 4108 17,
518 4044 548 4118 u,
575 4041 626 4118 31,
652 4039 681 4106 3,
706 4037 786 4121 ,vox‘
811 4044 842 4101 et
867 4037 995 4119 ,vultus‘
1020 4036 1104 4106 Hist,
1137 4041 1164 4121 1,
1189 4038 1242 4120 45,
1268 4041 1296 4102 6.

229 4218 336 4225 —-.—...
347 4220 351 4224 .
376 4219 440 4225 ---

299 4268 321 4341 ¹)
341 4271 371 4325 in
390 4269 490 4325 Philol,
513 4270 568 4329 vol.
588 4270 631 4333 26,
650 4288 678 4343 p.
699 4269 760 4327 lu).
