2880 5094
604 612 827 673 ..55-

184 802 307 869 Contra
339 804 450 869 Livius
486 807 685 890 anaphoram
717 805 931 890 erationibus,
966 806 1076 890 eisque
1108 805 1247 888 directis,

183 912 310 995 saepius
343 911 528 1000 immiscuit;
562 934 626 996 qua
656 934 692 978 re
725 912 929 995 splendorem
964 934 1001 978 ae
1032 913 1158 997 copiam
1181 935 1249 978 ver·

182 1021 297 1084 berum
322 1020 459 1084 maxime
490 1019 619 1084 videtur
650 1021 840 1103 respexisse,
888 1018 1005 1085 Omine
1030 1020 1164 1086 Tacitus
1187 1021 1248 1085 illis

183 1125 352 1210 capitibus,
390 1126 430 1189 de
459 1126 574 1208 quibus
598 1125 696 1190 mede
722 1127 853 1209 egimus,
877 1128 980 1192 multo
1004 1128 1133 1212 parcius
1157 1128 1249 1192 Liuio

184 1233 344 1298 orationes
380 1233 522 1314 inseruit,
562 1240 594 1298 et
629 1254 709 1316 quas
734 1232 841 1315 habet,
867 1253 924 1298 eae
949 1255 1021 1297 eum
1045 1234 1250 1300 brevissimae

183 1347 267 1421 sunt,
293 1347 362 1430 tum
378 1360 486 1404 omnes
503 1339 570 1406 fere
587 1340 745 1426 obliquae,
769 1362 834 1405 una
847 1339 989 1423 Segestis
1003 1341 1092 1426 capti
1105 1349 1248 1427 excepta,

184 1469 248 1529 qua
270 1448 408 1529 gratiam
440 1448 642 1529 imperatoris
667 1447 806 1512 Romani
839 1448 900 1513 sibi
932 1449 1104 1513 conciliare
1132 1449 1250 1519 studet.

182 1554 323 1618 Prorsus
347 1561 454 1618 autem
480 1553 598 1620 desunt
619 1555 781 1637 longiores
804 1555 878 1619 illae
911 1555 1074 1621 orationes
1098 1555 1249 1637 directae,

184 1660 299 1742 quibus
342 1667 416 1724 ante
449 1682 589 1742 pugnam
631 1663 835 1728 commissam
865 1662 1077 1744 imperatores
1113 1663 1251 1729 militnm

183 1767 305 1832 animes
338 1768 460 1849 erigere
495 1773 632 1850 tentant,
668 1769 756 1834 velut
791 1767 878 1853 apud
911 1766 1039 1837 Livium
1075 1768 1185 1854 Scipio
1219 1776 1251 1834 et

183 1875 350 1940 Hannibal
374 1881 449 1939 ante
473 1894 613 1957 pugnam
639 1875 681 1940 ad
704 1876 852 1941 Ticinum
868 1874 998 1948 factam
1037 1875 1162 1942 Earum
1179 1877 1250 1942 lece

183 1982 369 2047 brevissime
387 1981 519 2047 Tacitus
544 1983 593 2046 vel
610 1983 818 2048 exhortantes
833 1984 882 2048 vel
895 1984 1088 2048 sententiam
1109 1984 1250 2051 dicentes

183 2091 261 2154 facit
285 2090 391 2169 duceS,
427 2088 536 2154 videas
560 2111 632 2174 epp.
658 2097 697 2155 67
724 2099 756 2156 et
794 2095 850 2170 683
886 2091 991 2155 itaut
1024 2112 1089 2154 nen
1112 2097 1251 2156 contem·

183 2198 290 2262 nenda
332 2197 519 2279 videantur,
559 2219 641 2280 qnae
674 2198 843 2263 Walterns
881 2198 914 2260 in
955 2196 1180 2262 dissertatione
1211 2197 1251 2261 de

184 2306 288 2370 Taciti
314 2305 431 2369 studiis
448 2305 617 2370 rhetoricis
634 2306 826 2389 conscripta,
852 2329 883 2390 p⁸
902 2309 945 2372 36
962 2304 1141 2376 contendit:
1166 2305 1252 2387 prin-

185 2415 287 2497 cipem
311 2414 343 2475 in
368 2413 537 2478 sententiis
567 2413 704 2495 obliquis
727 2414 833 2478 lecum
858 2413 968 2478 deberi
993 2413 1106 2478 Tacite
1136 2413 1252 2495 magis-

185 2543 247 2604 que
263 2520 413 2604 deinceps
437 2541 492 2584 eas
509 2542 587 2604 prae
604 2521 803 2586 orationibus
828 2521 971 2586 excultas
993 2543 1063 2586 esse
1080 2521 1121 2586 ab
1138 2521 1252 2587 eedem

183 2651 240 2713 per
271 2637 374 2693 tetum
409 2648 542 2711 eperum
576 2627 730 2699 ordinem,
783 2626 988 2710 eramquam
1024 2648 1107 2710 quae
1142 2628 1251 2711 paullo
1278 2713 1281 2720 Ι

146 2790 150 2795 .
184 2743 258 2801 ante
283 2737 323 2800 ab
349 2735 462 2799 eedem
486 2735 635 2799 Waltere
664 2734 704 2799 de
728 2734 926 2800 orationibus
954 2735 1132 2806 narrationi
1155 2736 1253 2799 inter·

184 2846 297 2929 positis
323 2849 556 2927 proponuntur,
582 2864 621 2908 ea
644 2864 714 2907 meo
740 2841 869 2926 quidem
885 2842 1002 2906 iudicio
1027 2863 1091 2905 non
1114 2842 1253 2925 proponi

185 2952 355 3032 debebant,
381 2951 437 3016 sed
463 2950 686 3015 demonstrari.
750 2948 901 3016 Ceterum
926 2949 1057 3014 Tacitus
1085 2949 1118 3012 in
1142 2950 1254 3013 ultima

186 3058 361 3123 Annalium
385 3065 478 3141 parte
503 3058 702 3142 anaphoram
736 3058 839 3141 magis
867 3058 1034 3140 magisque
1062 3057 1251 3141 repudiavit,

186 3190 281 3250 quatu
307 3188 346 3231 ne
370 3165 535 3248 gravitatis
560 3165 689 3247 quidem
714 3164 881 3246 augendae
912 3186 1010 3230 eausa
1034 3165 1176 3248 recipere
1200 3185 1253 3229 ve·

185 3275 289 3345 luerit,
314 3314 359 3320 -

276 3383 380 3450 Venio
404 3402 489 3444 nune
512 3378 554 3444 ad
640 3463 644 3472 η

588 3543 854 3624 Pleonasmum.

276 3703 460 3768 Pleonasmi
485 3703 540 3785 qui
556 3701 673 3766 dieitur
688 3703 819 3766 notione
835 3700 1026 3784 explicanda
1043 3699 1254 3785 supersedere

187 3833 329 3895 possum,
356 3812 483 3896 opinor3
508 3811 675 3875 notissima
699 3811 781 3874 enim
807 3815 864 3879 est,
922 3807 1135 3873 Pleonasmus
1158 3809 1256 3890 igitur

188 3941 260 3983 cum
284 3918 472 4001 profluentis
497 3917 712 4000 copiosaeque
742 3916 896 3982 erationis
925 3917 1077 4000 proprius
1101 3917 1152 3997 sit,
1187 3937 1257 3981 sae-

188 4028 318 4111 pissime
350 4050 369 4090 a
391 4025 484 4092 Livio
510 4046 699 4108 summoque
735 4047 806 4088 cum
835 4022 941 4114 studio
974 4022 1089 4087 celitur
1120 4031 1152 4088 et
1187 4021 1257 4085 dili-

190 4137 284 4217 gitur.
333 4133 407 4217 Qua
440 4155 476 4198 re
513 4154 709 4216 quamquam
745 4132 934 4215 plerumque
961 4130 1195 4213 pulcherrimus
1226 4137 1257 4194 et

188 4241 434 4308 florentissimus
471 4243 610 4326 scriptor
643 4239 777 4320 incedit,
815 4247 924 4304 tamen
963 4238 1125 4303 interdum
1159 4237 1256 4302 nimio

192 4351 307 4416 duetus
333 4371 441 4414 amore
465 4351 542 4415 vitia
559 4347 719 4431 <quaedam
742 4369 807 4412 nen
830 4346 957 4411 videtur
972 4346 1089 4411 vitasse
1107 4345 1145 4432 ¹);
1171 4351 1257 4412 certe

190 4497 307 4505 --.---
313 4496 402 4502 -—-1

263 4583 284 4654 1)
306 4584 340 4637 of.
359 4582 562 4654 praefationem
581 4586 705 4636 nestram
724 4600 751 4650 p.
773 4583 813 4636 18.
