2880 5094
647 270 870 330 —64—

221 487 292 531 cum
316 466 382 531 ullo
406 466 605 547 congressos‘
639 471 671 528 et
693 464 725 528 in
749 462 870 528 Piceno
894 462 1055 548 lapidibus
1079 462 1229 547 pluvisse‘
1256 468 1289 525 et

220 572 322 639 anre
346 578 448 638 sortes
465 576 665 653 extenuatas,
691 572 771 636 etin
788 568 898 636 Gallia
913 572 1024 654 lupum
1045 570 1130 652 vigili
1146 569 1288 651 gladium

220 703 259 746 ex
281 682 397 764 vagina
419 686 547 765 raptum
571 678 766 760 abstulisse‘3
797 679 852 742 ubi
876 700 939 743 non
955 679 1051 760 longo
1069 678 1185 742 abhinc
1209 684 1289 742 tem·

218 811 296 873 pore
320 810 430 853 omnes
460 786 616 852 editiones
646 781 724 850 ante
755 785 854 851 verba
885 784 965 870 ,foro
999 786 1122 851 boario‘
1151 807 1289 871 praepo·

220 897 334 961 sitione
356 896 409 980 ,in‘
433 895 592 978 carebant,
618 915 702 976 quae
725 894 849 959 duobus
875 893 1036 958 codicibus
1058 893 1287 958 recentioribus

218 1003 290 1067 nisa
312 1024 397 1067 nunc
420 1003 451 1065 in
476 1007 599 1066 textum
627 1001 729 1065 inlata
752 1008 809 1083 est,
841 1001 909 1064 iure
934 1000 1072 1085 quidem,
1102 1000 1130 1065 si
1154 997 1286 1064 Woelff-

218 1109 318 1173 linum
343 1106 443 1179 audis,
457 1107 479 1194 ¹)
526 1108 612 1173 Nam
636 1109 723 1191 quod
739 1108 1022 1174 Weissenbornius
1047 1107 1124 1171 dicit
1135 1107 1171 1192 2),
1195 1128 1288 1193 prae·

218 1217 409 1301 positionem
442 1238 461 1280 a
491 1214 583 1280 Livio
616 1216 650 1279 in
682 1217 783 1281 altero
816 1216 957 1280 membro
991 1215 1188 1300 plerumque,
1223 1235 1287 1278 non

219 1346 344 1409 semper
367 1325 492 1388 iterari:
528 1323 676 1388 omnibus
699 1325 738 1388 iis
761 1324 849 1407 lociS,
876 1344 957 1406 quos
980 1323 1094 1408 inspici
1116 1322 1213 1404 iubet,
1243 1322 1288 1385 al-

220 1438 324 1497 terum
358 1431 437 1496 illud
472 1431 651 1496 membrum
682 1430 761 1493 nihil
794 1431 883 1494 aliud
919 1438 967 1495 est
1002 1452 1100 1513 quarn
1128 1428 1288 1514 particula

217 1541 311 1605 unius
335 1539 541 1622 eiusdemque
563 1538 729 1617 enuntiati,
747 1559 819 1621 non,
843 1548 880 1601 ut
895 1537 957 1602 hcc
972 1538 1054 1620 loco,
1079 1536 1167 1601 aliud
1189 1558 1286 1601 enun-

219 1648 332 1711 tiatum
356 1648 469 1730 ipsum.
517 1646 601 1710 item
625 1644 882 1709 Weissenbornii
912 1646 1082 1729 sententia,
1112 1643 1287 1708 ablativum

218 1754 353 1819 localem
378 1753 536 1817 attributo
554 1759 684 1816 auctum
700 1750 787 1815 haud
803 1773 877 1816 raro
894 1752 979 1837 apud
998 1752 1125 1817 Livium
1150 1758 1285 1835 exstare,
1347 1754 1350 1759 ’

217 1882 275 1944 per
299 1882 334 1925 se
358 1860 487 1943 quidem
511 1880 587 1923 vera
611 1862 674 1942 est,
697 1880 800 1941 neque
823 1879 897 1923 rerc
922 1860 996 1923 huic
1019 1859 1089 1924 loco
1115 1866 1206 1942 apta,
1231 1858 1286 1922 ubi

217 1966 374 2031 ablativus
407 1966 520 2030 localis
555 1967 581 2030 si
615 1972 860 2046 agnosceretur,
898 1967 924 2030 is
960 1966 1105 2049 profecto
1141 1964 1286 2029 obstaret

216 2073 345 2155 linguae
361 2073 500 2137 Latinae
516 2072 749 2154 consuetudini,
766 2081 803 2136 ut
818 2072 960 2137 ostendit
977 2072 1180 2139 Woefflinus.
1194 2074 1220 2158 3)
1241 2111 1286 2119 -

216 2179 336 2244 Similis
352 2181 451 2265 locust,
466 2187 692 2263 praeterquam
710 2180 795 2264 quod
814 2180 974 2264 describit,
992 2204 1075 2265 quae
1091 2180 1286 2266 perficienda

218 2308 367 2352 censores
395 2288 580 2368 locaverint,
606 2296 654 2352 est
677 2292 729 2372 41,
758 2291 810 2360 27.
838 2294 957 2372 5sqq,
987 2291 1113 2354 etiamsi
1136 2290 1283 2354 mutilum

218 2402 264 2458 est
289 2384 408 2460 codicis
441 2395 520 2459 illud
556 2394 677 2477 folium,
713 2418 775 2479 quo
805 2397 994 2466 continetur.
1054 2394 1286 2480 Comparanda

217 2503 314 2567 etiam
339 2511 422 2583 sunt,
457 2524 539 2585 quae
565 2505 616 2584 27,
642 2508 691 2588 10,
718 2510 735 2567 7
761 2504 925 2586 leguntur:
963 2503 1099 2587 ,Signini
1133 2503 1222 2567 fuere
1253 2509 1285 2567 et

216 2608 363 2675 Norbani
403 2608 646 2694 Saticulanique
690 2618 722 2675 et
761 2611 943 2693 Fregellani
990 2620 1022 2676 et
1060 2611 1212 2675 Lucerini
1253 2618 1287 2674 et

217 2716 375 2785 Venusini
400 2726 431 2783 et
454 2717 643 2781 Brundisini
667 2726 700 2782 et
722 2717 884 2783 Hadriani
917 2729 950 2785 et
981 2718 1123 2783 Firmani
1154 2726 1185 2783 ct
1210 2718 1285 2782 Ari·

217 2825 384 2907 rnineuseS,
417 2832 449 2888 et
482 2825 521 2888 ab
555 2826 658 2889 altero
694 2827 775 2889 mari
810 2826 963 2891 Pontiani
998 2836 1028 2891 et
1062 2826 1217 2891 Paestani
1254 2834 1286 2890 ct

217 2931 345 3015 Cosani,
389 2943 419 2998 et
456 2931 682 2997 mediterranei
717 2933 936 3000 Beneventani
976 2946 1006 3001 et
1043 2935 1214 3000 Aesernini
1254 2941 1286 2998 et

218 3037 375 3122 Spoletini
399 3049 431 3102 et
453 3039 634 3103 Placentini
665 3049 695 3104 et
725 3040 980 3122 Orenronenses‘3
1015 3065 1106 3125 quae,
1139 3043 1285 3126 quamvis

217 3145 323 3210 desint
357 3146 389 3209 in
427 3145 588 3209 codicibus
622 3147 718 3210 rerba
752 3162 791 3231 ,et
828 3149 983 3216 Venusini
1015 3158 1044 3213 et
1078 3149 1286 3235 Brundisini,‘

151 3250 154 3255 ’
217 3266 325 3319 tauron
365 3255 442 3318 satis
487 3254 605 3319 multas
649 3257 825 3338 particulas
869 3257 1035 3341 praebent.
1122 3298 1126 3302 -
1172 3257 1286 3340 Atque

218 3362 365 3445 exenrpla
399 3384 419 3425 a
451 3361 541 3427 nobis
575 3363 742 3446 proposita
777 3364 831 3445 qui
856 3364 959 3428 obiter
995 3372 1118 3429 tanturn
1144 3363 1287 3429 animad-

217 3470 321 3550 vortit,
353 3489 424 3531 eum
460 3490 523 3532 non
546 3468 637 3561 fugit,
672 3471 794 3553 opinor,
828 3472 982 3554 pleraque
1011 3472 1131 3536 autad
1157 3471 1287 3535 nomina

218 3575 409 3658 populorum
443 3575 492 3639 rel
525 3585 685 3643 terrarum
717 3586 773 3641 arat
804 3579 844 3642 ad
878 3578 1024 3663 prodigia
1060 3590 1218 3664 spectare3
1253 3580 1285 3643 in

219 3682 333 3763 quibus
380 3683 578 3764 potissimum
625 3705 642 3747 e
685 3684 858 3749 Woelfflini
909 3689 1069 3750 sententia
1115 3686 1284 3749 Liuianum

218 3787 450 3871 polysyndeton
470 3802 621 3856 versatur.
669 3791 846 3857 Praeterea
869 3794 1046 3875 particulae
1071 3798 1124 3875 ,et‘
1149 3794 1286 3878 scriptor

293 4055 314 4124 ¹)
334 4056 396 4110 Liv.
415 4056 513 4109 Kritik
533 4076 559 4115 u,
580 4058 627 4110 liv.
648 4056 899 4126 Sprachgolnuuclr
920 4078 946 4131 p.
968 4062 1009 4117 12.

292 4144 312 4208 2)
334 4148 362 4198 in
382 4147 477 4199 adnot.
497 4147 533 4199 ad
552 4146 579 4201 lr.
600 4148 617 4201 l.

292 4238 313 4303 ³)
336 4238 352 4289 l.
373 4237 389 4288 l.
411 4255 436 4307 p.
462 4237 498 4299 13,
