2880 5094
647 293 869 357 ..55-

219 487 284 552 iam
309 484 536 570 Quintilianus,
571 487 713 551 urbanus
746 486 799 551 ille
823 491 920 569 atque
955 486 1080 551 subtilis
1117 485 1196 550 artis
1221 508 1290 552 ora·

220 596 324 661 toriae
347 594 455 677 iudex,
492 595 601 677 aliqua
625 615 663 658 ex
686 601 780 679 parte
805 616 876 659 eum
899 595 1025 659 ridetur
1053 595 1290 679 perstrinxisse,

220 723 293 769 cum
320 701 457 788 dicat¹):
492 700 648 786 ,Vitanda
671 708 880 790 μακρολογία,
909 702 942 765 id
968 709 1017 766 est
1044 701 1169 783 longior
1194 721 1291 783 quam

221 816 349 893 oportet
364 829 480 890 sermo,
505 815 542 872 ut
557 807 644 892 apud
666 806 704 880 Τ,
721 808 858 891 Livium,
885 807 1012 890 ,Legati
1033 829 1097 872 non
1117 808 1292 890 impetrata

220 936 299 999 pace
323 921 410 981 retro
436 914 575 997 domum,
600 914 686 979 unde
701 922 864 997 venerant,
890 915 1061 981 abierunt‘.
1108 913 1287 999 Nuperque

221 1023 325 1087 critici
349 1043 366 1087 e
389 1022 570 1104 fragmento
606 1023 680 1087 libri
715 1026 755 1088 91
791 1023 960 1088 voluerunt
984 1022 1092 1104 colligi
1114 1042 1222 1106 posse,
1258 1023 1291 1085 in

220 1131 371 1195 extremis
396 1130 495 1195 totius
520 1128 627 1212 operis
650 1130 798 1213 partibus
816 1129 913 1194 etiam
931 1128 1201 1194 abundantiorem
1225 1150 1291 1193 ma—

221 1239 335 1320 gisque
375 1257 645 1319 supervacaneam
691 1235 790 1302 luisse
836 1237 1065 1302 verbositatem
1109 1237 1289 1309 Livianam,

221 1343 286 1410 Sed
310 1345 487 1411 rectissime
511 1344 836 1430 Weissenbornius2)
858 1345 981 1409 iudicat
1004 1365 1109 1427 neque
1133 1344 1292 1427 fragmen·

220 1458 288 1516 tum
311 1452 390 1516 illud
414 1460 480 1517 tam
506 1452 639 1534 longum
674 1473 744 1521 esse
767 1474 872 1536 neque
902 1451 1030 1516 dicendi
1059 1473 1176 1533 genere
1200 1473 1219 1517 a
1243 1473 1292 1517 ce·

221 1560 298 1625 teris
321 1560 411 1625 libris
435 1559 516 1624 adeo
534 1559 706 1642 diversum,
731 1567 776 1640 ut,
795 1559 882 1643 quod
900 1559 1095 1624 coniecerint
1118 1561 1177 1623 viri
1194 1559 1290 1642 docti,

220 1666 387 1750 probabile
409 1668 512 1751 possit
535 1666 650 1754 rideri;
674 1668 864 1751 praesertim
882 1688 951 1730 cum
969 1667 1053 1730 aliae
1076 1668 1291 1750 posteriorum

220 1773 378 1838 librorum
413 1782 532 1858 partes,
569 1775 656 1838 velut
692 1795 739 1856 ea,
777 1795 859 1856 quae
892 1774 932 1837 de
964 1770 1128 1840 Ciceronis
1161 1775 1291 1858 ingenio

221 1887 322 1964 atque
345 1882 487 1945 moribus
511 1881 642 1965 prodita
666 1881 849 1945 etiamnunc
874 1881 1041 1965 exstent3),
1067 1880 1179 1946 eodem
1203 1902 1292 1965 pror·

222 2008 276 2052 sus
306 1986 433 2052 dicendi
465 2008 582 2070 genere
615 1987 836 2053 conformatae
873 1989 937 2052 sint
975 2009 1014 2052 ac
1048 1988 1122 2053 libri
1157 1991 1290 2073 priores.

224 2093 338 2176 Atque
378 2094 457 2159 adeo
497 2096 599 2160 multo
639 2095 840 2161 verisimilius
881 2102 930 2160 est
969 2096 1105 2180 Livium,
1146 2099 1292 2163 certioris

219 2201 329 2265 iudicii
352 2201 474 2267 factum
498 2208 604 2268 aetate
636 2211 776 2285 matura,
810 2204 843 2266 in
879 2202 947 2268 dies
976 2204 1082 2285 magis
1111 2207 1292 2270 coercuisse

222 2307 349 2373 dicendi
373 2331 482 2393 genus,
507 2311 606 2394 idque
631 2319 668 2376 ut
684 2310 830 2376 omnibus
854 2312 993 2376 numeris
1016 2311 1196 2378 absolutius
1220 2334 1292 2397 per-

220 2415 399 2501 fectiusque
438 2418 598 2501 redderet,
639 2440 763 2483 summo
803 2439 900 2501 opere
939 2419 1153 2490 contendisse.
1225 2419 1292 2486 sed

221 2525 312 2589 nobis
337 2547 439 2591 sermo
465 2534 514 2591 est
537 2527 577 2591 de
600 2526 700 2607 libris,
725 2528 780 2610 qui
805 2528 987 2591 etiamnunc
1011 2533 1150 2591 exstant.

314 2634 406 2698 Inter
429 2635 518 2699 varia
550 2636 648 2717 igitur
681 2634 860 2717 pleonasmi
896 2655 1015 2716 genera
1050 2632 1137 2716 apud
1165 2633 1292 2699 Litium

221 2741 343 2804 nullum
366 2741 434 2806 fere
458 2742 602 2807 crebrius
627 2749 677 2808 est
701 2764 797 2825 quam
821 2744 972 2806 iunctura
989 2742 1202 2825 complurium
1218 2763 1292 2826 pro-

222 2849 394 2930 nominum,
429 2870 512 2932 quae
544 2872 644 2914 unum
674 2849 824 2932 idemque
852 2848 1043 2931 significant,
1080 2870 1106 2920 e,
1131 2870 1161 2931 g.
1193 2851 1291 2932 ,quis-

222 2976 320 3038 quam
344 2978 424 3021 unus
450 2956 490 3042 (r.
516 2961 545 3040 2,
564 2963 593 3038 9,
612 2963 642 3028 8,
677 2962 707 3037 3,
725 2959 778 3037 45,
796 2961 827 3026 4,
862 2963 984 3039 3220,
1004 2957 1046 3041 7),
1080 2978 1174 3022 nemo
1199 2980 1291 3043 unus,

223 3063 357 3145 quilibet
379 3084 471 3145 unuS,
496 3064 577 3128 nihil
600 3068 725 3150 unum‘;
762 3065 839 3128 item
864 3063 1017 3128 adverbia
1044 3066 1198 3146 temporis
1222 3065 1292 3129 iun-

221 3178 350 3253 guntur,
386 3172 473 3235 velut
508 3172 668 3257 ,deinceps
703 3172 787 3255 inde,
825 3172 941 3236 deinde
975 3172 1136 3256 deinceps
1173 3172 1291 3239 deinde

221 3284 345 3362 postea,
371 3284 439 3342 tum
463 3279 547 3361 inde,
584 3280 648 3343 iam
671 3278 746 3343 inde
771 3279 823 3364 (cf.
848 3283 879 3357 3,
899 3285 950 3362 59,
972 3283 998 3361 l,
1028 3279 1084 3343 ubi
1107 3278 1290 3362 Madvigius

221 3387 337 3450 iniuria
372 3386 446 3467 ,iam
470 3385 577 3450 iidem‘
606 3388 724 3469 posuit,
757 3388 949 3452 recentiores
985 3386 1110 3452 codices
1139 3386 1290 3474 secutus),

222 3496 370 3579 protinus
407 3494 503 3576 inde‘,
536 3502 635 3578 atque
671 3495 735 3560 alia
768 3495 920 3561 adverbia
954 3497 1004 3561 vel
1039 3496 1289 3581 coniunctiones

224 3603 311 3668 velut
335 3603 457 3684 ,itaque
481 3623 569 3684 ergo,
594 3606 640 3667 ita
664 3604 719 3685 sic,
746 3603 827 3667 clam
845 3603 965 3686 furtim,
991 3625 1030 3668 ex
1052 3605 1217 3688 insperato
1241 3626 1290 3669 re-

223 3718 329 3796 pente,
354 3709 438 3775 forte
462 3717 590 3793 temere,
621 3711 764 3793 undique
788 3712 881 3794 circa,
916 3712 942 3774 si
967 3711 1096 3793 quando
1126 3716 1290 3794 unquam‘‚

223 3818 288 3884 Sed
312 3816 394 3882 haec
418 3817 582 3883 crebriora
615 3826 698 3900 sunt,
732 3840 828 3900 qnam
862 3839 943 3901 quae
967 3820 1121 3903 exemplis
1145 3841 1292 3906 compro·

222 3923 332 3988 banda
349 3923 528 3989 videantur.
575 3925 744 3989 Interdum
763 3927 1000 3990 coniunctiones
1018 3926 1179 4009 quaedam
1202 3929 1290 4013 pleo-

297 4084 318 4151 1)
338 4085 403 4140 inst.
423 4102 462 4138 or.
483 4083 568 4153 VIII,
588 4087 612 4153 3,
633 4085 676 4140 53.

295 4172 318 4241 2)
337 4174 368 4226 in
387 4174 473 4242 praef.
494 4175 537 4228 ed.
556 4174 619 4228 Liv.
642 4175 764 4242 maioris,
783 4193 811 4243 p.
831 4177 874 4228 64.

296 4262 319 4334 ³)
339 4265 415 4335 apud
434 4263 578 4335 Senecam,
599 4282 670 4318 suas.
690 4263 741 4334 VI,
761 4266 803 4322 22.
