2880 5094
659 283 884 344 ..10-

232 473 356 544 Plinius
380 475 492 558 maior,
519 497 650 561 operam
676 498 766 542 suam
799 483 910 561 spreta
944 477 1031 543 omni
1054 478 1209 544 orationis
1231 484 1304 543 'arte

232 585 266 648 in
294 583 370 648 solis
404 583 501 648 rebus
537 583 757 665 collocabant;
793 605 833 648 ne
868 585 903 649 hi
938 585 1069 668 quidem
1104 587 1302 670 prosperius,

235 690 289 773 qui
311 689 457 756 taedium
480 689 646 756 hominum
671 690 810 774 effugere
831 711 895 756 non
919 698 1067 776 possent:
1092 713 1167 756 nam
1184 694 1304 758 unitor·

233 820 317 865 mem
341 806 373 866 et
396 797 544 883 putidam
581 797 710 863 dicendi
734 799 1002 867 consuetudinem
1032 822 1143 865 1111111
1167 800 1305 866 eradere

233 907 344 989 utique
369 905 551 990 oportebat.
613 905 681 970 Alii
705 927 816 970 rursus
840 907 962 971 liberae
998 909 1044 972 rei
1073 907 1223 990 publicae
1246 907 1304 971 lin·

233 1037 329 1098 guam
354 1013 575 1079 desiderantes
600 1013 642 1078 ad
666 1021 790 1080 veteres
814 1016 989 1098 scriptores
1008 1035 1041 1079 se
1058 1015 1302 1096 convertebant,

234 1122 277 1187 ad
317 1144 413 1205 quam
453 1123 581 1186 unicam
620 1143 766 1186 normam
807 1144 841 1188 se
879 1123 967 1208 ipsos
1006 1122 1303 1203 accommodarent.

234 1227 331 1312 Quod
356 1237 388 1296 et
410 1232 529 1295 multos
553 1230 634 1295 alios
652 1231 753 1313 egisse
770 1237 802 1295 et
818 1229 977 1313 Tacitum,
994 1232 1185 1316 priusquam
1206 1230 1304 1294 histo-

233 1338 301 1402 riae
325 1360 359 1403 se
383 1337 486 1419 daret,
512 1345 624 1403 notum
650 1345 707 1403 est.
767 1336 855 1401 Nam
883 1360 977 1420 nunc,
1003 1344 1127 1423 opinor,
1159 1337 1304 1403 dubitari

233 1466 299 1509 non
321 1446 386 1510 iam
409 1451 529 1528 potest,
554 1446 632 1528 quin
665 1445 811 1525 dialogus
841 1445 882 1509 de
907 1445 1090 1510 oratoribus
1116 1447 1169 1529 qui
1193 1446 1304 1510 inscri-

232 1552 321 1618 bitur
353 1552 459 1618 Taciti
486 1553 655 1618 habendus
686 1554 736 1634 sit,
771 1553 962 1636 praesertim
994 1574 1067 1617 11111
1091 1553 1302 1618 Woelfflinus

233 1684 262 1731 v,
279 1660 310 1734 d,
335 1663 557 1744 argutissimas
574 1660 860 1726 commentationes
886 1660 925 1724 de
943 1661 1005 1725 hac
1021 1682 1056 1725 re
1072 1662 1104 1724 in
1121 1661 1303 1744 Philologo,

233 1770 296 1842 rol,
320 1770 429 1838 XXV
453 1777 485 1834 et
508 1768 637 1836 XXVI
661 1767 809 1840 ediderit,
822 1768 846 1853 1)
915 1767 956 1831 ln
980 1768 1035 1832 illo
1062 1773 1170 1832 autem
1195 1768 1303 1832 libello

234 1875 384 1942 Tacitum
420 1883 549 1940 constat
582 1875 773 1940 imitandum
811 1875 871 1939 sibi
902 1876 1078 1958 sumpsisse
1103 1873 1304 1961 Ciceronem,

234 1986 289 2066 qui
318 1982 508 2066 Quintiliani
543 1985 744 2066 potissimum
781 1984 977 2047 auctoritate
1012 1983 1304 2054 commendaretur,

233 2090 403 2156 Hactenus
427 2093 565 2174 tempori
589 2114 646 2156 suo
674 2091 807 2156 Tacitus
831 2091 951 2176 paruit.
1007 2089 1170 2174 Quoniam
1195 2099 1304 2158 autem

234 2221 274 2264 ne
296 2201 330 2264 in
354 2199 494 2281 Dialogo
520 2198 648 2282 quidem
673 2200 855 2284 opprimere
873 2205 1002 2283 poterat
1018 2200 1180 2280 ingenium
1198 2222 1303 2282 suum,

236 2307 323 2390 quod
346 2309 379 2371 in
403 2308 486 2373 viam
522 2307 618 2390 longe
653 2309 749 2372 aliam
774 2307 922 2388 ducebat,
953 2313 986 2372 11
1008 2307 1070 2373 hoo
1099 2308 1169 2393 ipso
1195 2309 1303 2374 libello

235 2415 463 2480 multominus
493 2416 535 2480 ad
560 2416 710 2481 classicos
735 2417 909 2499 scriptores
946 2436 1045 2497 quam
1074 2415 1185 2480 Livius
1215 2437 1304 2481 acce·

235 2522 382 2608 debat:²)
413 2531 521 2589 aetate
544 2524 608 2588 iam
640 2529 812 2608 provectus
842 2544 913 2587 curn
946 2523 1101 2587 maiorem
1133 2525 1304 2588 materiam

235 2631 440 2697 tractandam
465 2632 651 2714 susciperet,
687 2632 789 2696 multo
820 2633 922 2713 magis
946 2631 1097 2714 proprius
1126 2633 1240 2714 suique
1265 2632 1304 2695 si-

235 2739 320 2804 milis
343 2739 449 2806 factus
485 2761 604 2806 novum
627 2741 724 2822 plane
755 2738 883 2804 dicendi
907 2759 1008 2820 genus
1044 2738 1177 2819 effinxit,
1216 2738 1303 2820 quod

235 2853 268 2912 11
290 2848 387 2932 prisci
411 2854 443 2911 11
467 2848 516 2911 111
540 2849 695 2930 temporis
719 2849 884 2932 particeps
901 2847 1008 2912 neutri
1025 2847 1197 2911 obnoxium
1222 2856 1302 2927 erat,
1329 2832 1332 2839 ¹

235 2955 293 3020 sed
317 2977 356 3019 ex
379 2955 548 3037 utriusque
572 2955 744 3020 virtutibus
769 2955 991 3037 compositum.
1047 2953 1167 3036 Itaque
1191 2953 1233 3017 ad
1258 2955 1304 3037 ip-

235 3064 300 3127 sius
325 3070 467 3128 aetatem
484 3062 632 3146 pertinet,
659 3061 746 3144 quod
762 3061 1028 3144 inaequalitatem
1045 3061 1302 3125 enuntiationum

235 3172 390 3257 praetulit
414 3170 638 3251 concinnitati,
673 3169 761 3252 quod
796 3170 941 3233 acumine
977 3169 1154 3233 sententias
1190 3188 1304 3233 ornare

235 3301 401 3362 nunquam
425 3278 492 3343 1111
516 3277 665 3360 neglexit,
693 3276 780 3358 quod
803 3276 1006 3356 brevitatem,
1032 3297 1117 3358 1111
1140 3274 1304 3340 interdum

236 3387 278 3452 ad
303 3387 533 3452 obscuritatem
569 3384 705 3449 redacta
739 3384 795 3462 sit,
832 3404 956 3448 summo
993 3404 1103 3447 amore
1138 3382 1304 3465 amplexus

240 3501 298 3575 est,
325 3494 461 3576 denique
486 3492 573 3575 quod
598 3512 615 3557 e
640 3489 841 3557 Graecorum
877 3489 1004 3555 dicendi
1028 3510 1118 3554 more
1146 3489 1249 3553 multa
1271 3489 1304 3552 in

237 3624 330 3667 11111
355 3622 448 3666 usum
472 3601 628 3681 traduxit,
653 3620 758 3682 neque
783 3599 887 3662 minus
917 3608 1128 3682 epoetarum
1153 3596 1303 3679 dictione,

236 3783 449 3791 ——-———-——

307 3904 328 3973 ι)
348 3904 383 3958 11.
413 3904 531 3957 Walteri
565 3903 792 3956 dissertationem
826 3902 860 3954 de
891 3900 984 3954 Taciti
1017 3901 1118 3954 studiis
1153 3901 1304 3955 rhetoricis

237 3997 380 4065 scriptam.
426 3993 502 4050 Ante
534 3993 628 4046 omnia
662 3996 756 4045 autem
788 3991 992 4061 comparandus
1028 3995 1071 4044 est
1100 3990 1306 4045 Weinkaulfius

238 4085 281 4154 ‚de
301 4083 401 4138 Tacito
421 4083 525 4151 dialogi
545 4082 593 4150 qui
621 4081 656 4134 de
680 4081 840 4134 oratoribus
864 4080 1030 4133 inscribitur
1054 4081 1185 4135 1111111.ι
1228 4079 1305 4132 Bene

238 4175 323 4229 etiam
348 4173 472 4225 Haasius
499 4173 533 4224 de
560 4172 612 4224 hao
639 4189 668 4223 re
693 4171 825 4238 exposuit
844 4171 873 4223 in
892 4170 979 4239 praef.
1000 4172 1043 4224 ed.
1062 4169 1094 4224 T.
1113 4189 1141 4240 p.
1160 4168 1234 4223 XIV
1245 4186 1305 4238 sqq.

232 4316 235 4321 .
309 4261 332 4331 ²)
351 4262 386 4319 11.
405 4261 591 4319 Teunffelium
615 4261 645 4314 in
670 4261 725 4315 litt.
749 4259 814 4317 hist.
838 4259 920 4315 Rom.
939 4261 956 4331 ἕ
975 4260 1027 4315 217
1046 4278 1071 4317 a.
1090 4260 1133 4319 14.
