2880 5094
603 632 804 689 ..7-

172 821 259 911 quod
283 822 408 887 sincero
431 818 636 904 candidoque
659 842 807 887 sermone
830 822 999 887 historiam
1024 822 1184 909 ornavit1)
1209 828 1243 887 et

173 951 296 995 summo
320 951 392 994 cum
415 929 523 995 studio
552 931 692 1014 optimos
725 931 896 995 latinitatis
928 936 1088 1011 auctores
1121 951 1242 1013 eosque

173 1046 327 1119 oratores,
352 1037 461 1119 coluit,
487 1058 624 1120 quorum
641 1036 767 1102 dicendi
785 1059 902 1120 genere
926 1059 960 1103 se
976 1040 1081 1121 ipsum
1097 1038 1241 1103 imbuere

171 1147 266 1211 etiam
299 1150 400 1228 etque
432 1145 528 1209 etiam
564 1144 684 1226 cupivit
716 1145 862 1231 aliisque,
896 1154 934 1211 ut
967 1146 1052 1210 idem
1085 1145 1241 1227 facerent,

170 1252 346 1337 praecepit.
399 1250 553 1335 Epistula
583 1252 668 1317 enim
704 1252 747 1316 ad
785 1252 887 1317 filium
922 1253 1043 1336 scripta
1079 1251 1242 1335 ,legendos

169 1357 426 1425 Demosthenem
455 1364 554 1441 atque
583 1357 782 1423 Oioeronem‘
813 1360 1060 1441 commendavit,
1088 1367 1167 1442 ‚tum
1196 1360 1243 1425 ita

169 1473 206 1531 ut
234 1466 372 1549 quisque
400 1471 486 1531 esset
513 1465 727 1531 Demostheni
758 1473 790 1532 et
826 1466 975 1533 Ciceroni
1008 1466 1241 1550 simillimus‘2)

169 1573 331 1640 Attamen
347 1572 452 1639 eidem
469 1573 613 1655 contigit,
638 1581 675 1639 ut
694 1575 807 1656 multa,
832 1596 937 1658 neque
954 1597 992 1640 ea
1007 1575 1099 1657 levia,
1126 1596 1142 1639 e
1159 1596 1241 1639 novo

169 1688 318 1766 tempore
340 1681 410 1764 ipse
433 1680 495 1745 sibi
510 1686 699 1747 assumeret.
748 1679 908 1747 Abundat
925 1683 1009 1746 enim
1025 1682 1243 1748 locutionibus

174 1790 218 1854 ad
243 1787 407 1855 Graecum
437 1808 560 1851 morem
594 1786 816 1868 conformatis3
851 1788 949 1871 quod,
985 1791 1039 1872 qui
1072 1789 1190 1854 librum
1224 1810 1244 1853 a

176 1895 393 1986 Kuehnastio
422 1893 463 1959 de
509 1896 636 1977 syntaxi
680 1893 817 1959 Liviana
861 1896 1015 1979 scriptum
1058 1897 1242 1981 perlegerit,

72 2018 75 2023 '
172 2005 200 2067 is
224 2003 378 2069 continuo
405 2002 483 2066 mihi
507 2001 670 2066 concedet.
718 2002 823 2069 Porro
856 2003 946 2067 haud
968 2004 1017 2068 ita
1048 2025 1123 2069 raro
1157 2026 1243 2070 nova

172 2118 271 2193 atque
294 2109 467 2174 insolentia
491 2109 587 2174 verba
611 2115 644 2173 et
667 2115 846 2174 structuras
872 2111 1007 2194 promit3
1033 2111 1110 2193 quin
1134 2111 1242 2192 etiarn,

173 2220 200 2282 si
236 2225 381 2283 veterum
415 2218 606 2282 testimoniis
638 2216 809 2300 eredimus,
847 2217 974 2283 dicendi
1008 2219 1242 2303 proprietatem

171 2324 336 2408 quandam
360 2324 490 2389 exhibet
516 2324 753 2408 vituperatione
777 2347 841 2391 non
866 2347 1009 2391 vacuam.
1053 2326 1244 2410 Appellavit

170 2455 243 2498 eam
267 2432 401 2497 Asinius
425 2429 531 2498 Pollio
555 2433 849 2519 patavinitatem,³)
884 2455 988 2517 neque
1016 2441 1126 2499 tamen
1151 2434 1242 2516 dixit,

171 2563 255 2625 quae
279 2561 319 2607 ea
346 2540 389 2605 sit
408 2540 614 2625 patavinitas.
662 2541 756 2605 Haec
775 2541 874 2623 igitur
896 2543 1044 2623 quaestio
1065 2564 1169 2626 usque
1200 2542 1244 2607 ad

171 2656 285 2713 nostra
308 2654 458 2729 tempora
482 2647 566 2713 viros
591 2647 704 2713 doctos
723 2648 998 2715 vehementissime
1015 2650 1151 2731 agitavit
1167 2651 1244 2715 rati·

173 2755 350 2839 suibusque
374 2754 508 2821 diversis
533 2754 639 2820 soluta
672 2762 729 2820 est.
777 2755 824 2821 Ut
858 2777 917 2821 eos.
936 2763 1151 2838 praeteream,
1187 2757 1243 2840 qui

173 2862 362 2929 denotatum
374 2869 533 2945 putarunt
544 2862 686 2927 studium
700 2861 865 2945 quoddam
881 2864 1022 2946 partium
1039 2864 1242 2948 publicarum

172 2972 223 3036 vel
233 2970 458 3056 municipalem
472 2970 635 3053 quandam
650 2977 712 3035 ete
729 2969 848 3034 scholis
866 2970 1070 3053 desumptam
1082 2971 1243 3036 rationein

172 3077 327 3143 historiae
344 3078 543 3159 scribendae,
569 3099 641 3141 cum
666 3075 893 3159 eQuintiliani
918 3079 996 3143 locis
1013 3077 1110 3142 modo
1135 3077 1243 3143 allatis

169 3186 243 3251 luce
255 3185 373 3251 clarius
386 3185 559 3268 colligatur
572 3193 676 3251 artem
689 3184 818 3251 dicendi
835 3185 1032 3267 significasse
1044 3183 1240 3259 Pollionem:

169 3292 294 3377 primus
310 3293 395 3359 Livii
419 3316 561 3375 causam,
586 3301 622 3359 ut
639 3292 786 3358 omnibus
810 3301 924 3357 notum
941 3301 999 3374 est,
1022 3293 1063 3357 D.
1089 3290 1130 3358 G.
1153 3292 1243 3359 Mor·

167 3400 273 3465 hofius
295 3400 477 3485 suscepitt)
517 3399 598 3466 Post
616 3423 688 3465 eum
705 3401 807 3482 multi,
831 3399 944 3483 quide
966 3400 1078 3464 haere
1095 3407 1241 3483 egerunt,

169 3508 221 3573 vel
244 3507 286 3573 de
307 3508 562 3593 proprietatibus
592 3507 786 3591 quibusdam
816 3508 1039 3590 cogitaverunt
1067 3508 1109 3572 ad
1134 3508 1243 3574 ortho-

170 3614 342 3700 graphiam
373 3614 619 3698 pertinentibus,
653 3616 703 3680 vel
737 3614 777 3679 de
801 3612 938 3680 Graecis
972 3622 1030 3679 aut
1061 3635 1078 3680 e
1112 3612 1244 3681 Gallica

171 3723 283 3805 lingua
313 3722 442 3787 tralatis
474 3723 639 3787 vocabulis
672 3730 770 3804 atque
803 3722 986 3802 structuris,
1020 3722 1108 3786 velut
1140 3744 1243 3806 nuper

170 3832 269 3895 etiam
299 3829 592 3914 Wiedemannusl)
620 3830 652 3893 in
683 3829 870 3911 graecismis
908 3830 963 3911 qui
1001 3828 1153 3894 dicuntur
1188 3850 1242 3895 ac-

173 3938 306 4021 quievit.
353 3938 447 4003 Haee
463 3959 538 4002 vero
556 3937 664 4001 omnia
679 3936 810 4019 probari
827 3957 892 4000 non
907 3944 1062 4021 possunt,
1084 3959 1159 4001 nam
1180 3937 1241 4002 nisi

170 4046 304 4111 Asinius
335 4045 440 4110 Pollio
473 4067 566 4110 nemo
600 4052 743 4110 veterum
777 4044 812 4108 in
845 4046 1060 4128 patavinitate
1094 4044 1239 4111 offendit.

260 4240 282 4310 ¹)
302 4242 337 4297 cl.
358 4241 573 4311 Quintilianum,
594 4242 658 4294 inst.
679 4246 748 4295 orat.
767 4239 805 4308 X,
826 4240 849 4309 1,
872 4240 931 4294 101.

259 4329 282 4399 ⁷)
301 4332 365 4385 vide
385 4331 482 4399 Quint.
501 4333 566 4384 inat.
587 4348 627 4385 or.
647 4330 683 4395 X,
704 4329 791 4397 1,3a

259 4421 336 4489 ³)ci.
356 4421 453 4491 Quint.
475 4423 539 4477 inst.
559 4440 598 4474 or.
618 4421 642 4489 I,
662 4421 687 4481 5,
707 4424 751 4476 56.
787 4420 873 4489 VIII,
897 4424 918 4488 l,
938 4423 964 4477 3.

259 4510 281 4579 ⁴)
301 4513 331 4565 in
349 4512 432 4579 libro,
452 4529 534 4579 quern
548 4512 582 4565 dc
596 4510 782 4577 patavinitate
794 4510 914 4564 Liviana
928 4511 1041 4579 scripsit
1054 4509 1148 4565 Kiliae
1165 4508 1240 4567 1685.

259 4598 282 4673 ⁵)
301 4601 332 4653 in
350 4600 514 4671 quaestione
533 4601 568 4655 de
585 4600 773 4671 patavinitate
791 4598 854 4657 Lis.
873 4601 1013 4657 instituta.
