2880 5094
608 285 819 346 .-40-

273 475 376 543 Plane
410 477 537 542 inversa
568 498 620 543 res
654 484 703 543 est
736 478 821 561 apud
846 477 1006 552 Tacitum,
1054 479 1140 547 Tota
1169 481 1258 547 enim

184 587 352 650 enuntiata
384 586 585 670 paucissimis
618 586 696 651 locis
730 587 945 672 reperiuntur,
979 588 1067 653 velut
1098 589 1187 654 Hist.
1224 591 1255 672 2,
1291 614 1293 618 ·

185 696 237 774 76,
264 697 305 757 10
331 715 383 774 ,an
417 691 536 757 excidit
568 693 751 760 trucidatus
776 693 941 762 Corbulo?
966 694 1167 778 splendidior
1191 695 1256 760 ori-

183 798 297 886 81161),
332 821 431 881 quam
462 822 520 865 nos
545 822 665 883 sumus,
690 801 804 884 fateor,
836 801 893 865 sed
918 808 950 866 et
973 801 1062 866 Nero
1085 802 1257 868 nobilitate

183 907 340 971 natalium
364 908 530 974 Vitellium
555 909 719 980 anteibat‘
758 908 812 974 Sic
836 931 908 973 cum
924 907 1055 974 Hcraeo
1073 915 1106 975 et
1121 908 1255 975 Halmio

182 1016 289 1097 legere
307 1016 417 1079 malim
432 1015 660 1098 praetermisso
671 1016 828 1082 vocabulo
851 1016 910 1099 ,is‘,
929 1017 1004 1098 quia
1016 1015 1049 1079 in
1062 1015 1172 1081 codice
1184 1015 1256 1082 Mc·

185 1122 274 1186 dioec
300 1121 469 1186 exhibetur
494 1121 680 1206 ,splendior‘
706 1130 885 1188 correctum
910 1122 1156 1207 e,splendiori‘;
1179 1144 1256 1189 nam

185 1229 263 1293 mihi
288 1250 416 1312 quoque
441 1250 479 1293 ex
496 1228 716 1313 dittographia
732 1229 858 1294 facilius
874 1229 1001 1295 videtur
1017 1232 1095 1297 oriri
1111 1232 1256 1315 potuisse

184 1337 278 1400 lectio
301 1337 408 1419 prima
431 1336 550 1401 codicis
575 1336 725 1417 Medicei,
752 1358 848 1419 qnam
872 1337 982 1401 httera
1011 1342 1048 1419 ,s‘
1072 1339 1106 1403 in
1131 1345 1255 1403 textum

183 1443 351 1508 inferenda
380 1465 463 1525 esse,
501 1442 588 1526 quod
616 1443 896 1507 Weissenbornius
933 1445 1106 1515 contendit,
1164 1446 1254 1511 Hist.

185 1554 215 1630 5,
242 1555 292 1632 17,
321 1555 359 1615 13
386 1551 451 1632 ,ubi
475 1571 553 1614 sono
578 1571 742 1615 armorum
766 1551 978 1633 tripudiisque
1003 1549 1062 1637 (ita
1085 1551 1147 1616 illis
1171 1553 1255 1640 mos)

184 1657 366 1742 adprobata
398 1665 473 1722 sunt
504 1656 611 1728 dicta}
659 1654 766 1740 Quam
790 1659 938 1723 Heraeus
962 1659 1050 1724 Hist.
1076 1664 1107 1741 4,
1134 1663 1186 1742 12,
1213 1663 1256 1727 10

183 1766 344 1849 particula
377 1765 435 1846 ,16ί
467 1763 662 1845 interposita
693 1765 808 1828 statuit
839 1765 1069 1850 parenthesim,
1104 1788 1142 1831 ea
1176 1767 1257 1833 mihi

183 1873 310 1937 videtur
352 1873 480 1935 minime
520 1872 717 1951 necessaria3
759 1874 875 1937 etenim
910 1895 993 1955 quae
1022 1875 1056 1938 in
1089 1873 1256 1940 codicibus

183 1979 368 2060 traduntur,
413 1978 492 2042 satis
536 1976 676 2040 dilucido
711 1983 743 2041 61
785 1986 861 2063 apto
894 2002 991 2044 sensu
1023 1991 1136 2046 ornata
1168 1989 1256 2052 sunt.

183 2086 300 2169 Neque
323 2086 426 2167 magis
451 2084 667 2149 necessarium
689 2091 746 2168 cst,
773 2086 915 2167 quamvis
932 2086 975 2149 ad
992 2108 1121 2153 sensum
1139 2096 1256 2170 aptum

185 2195 286 2275 foret,
334 2191 422 2275 quod
461 2192 506 2264 Η,
546 2190 702 2256 Τ161111111
743 2193 908 2278 coniectu)
948 2216 1086 2278 eumque
1124 2202 1256 2261 secutus

186 2303 335 2366 Halmius
369 2301 505 2383 recepit:
540 2320 609 2382 ,166
643 2299 757 2384 opibus
791 2299 912 2386 (rarum
945 2304 977 2366 in
1002 2304 1156 2367 societate
1179 2302 1259 2367 rali-

187 2407 326 2490 diorum)
343 2407 473 2474 adtritis
490 2409 574 2471 viros
591 2413 719 2471 tantum
737 2429 891 2491 armaque
904 2411 1037 2493 imperio
1051 2410 1259 2481 ministrant‘.

186 2516 272 2583 Ano.
309 2518 359 2598 15,
394 2522 446 2596 36,
485 2519 501 2578 1
533 2535 602 2598 ,nec
635 2514 736 2579 multo
772 2524 846 2598 post
887 2518 1006 2581 omissa
1037 2516 1070 2579 in
1103 2536 1258 2601 praesens

185 2623 315 2687 Achaia
340 2623 468 2710 (causae
492 2623 525 2685 in
549 2621 671 2686 incerto
695 2621 798 2707 fuere)
822 2623 933 2687 urbem
957 2625 1086 2688 revisit‘.
1116 2661 1153 2670 -
1180 2621 1259 2688 Per-

186 2732 296 2795 multis
319 2732 398 2795 locis
423 2729 635 2813 appositionis
653 2731 683 2793 vi
706 2729 908 2795 instruuntur
929 2732 1155 2815 parentheses3
1184 2752 1210 2796 6.
1230 2751 1272 2796 c..

188 2837 255 2919 Ag.
283 2843 311 2918 7,
339 2842 378 2902 15
404 2859 473 2918 ,166
497 2838 623 2919 legatus
647 2839 828 2919 praetorius
845 2839 887 2903 ad
901 2838 1114 2904 cohibendum
1131 2843 1259 2923 potens,

188 2947 345 3009 incertum
379 2967 437 3009 suo
471 2966 512 3008 an
545 2945 682 3009 militum
714 2946 863 3027 ingenio‘
919 2946 997 3011 Hist
1040 2949 1071 3026 4,
1098 2951 1127 3026 6,
1153 2948 1174 3008 4
1208 2966 1259 3026 ,ea

189 3051 290 3132 ultio,
326 3051 483 3116 incertum
516 3051 619 3116 maior
653 3073 694 3114 an
726 3052 861 3136 iustior,
897 3060 1046 3117 senatum
1083 3053 1115 3116 in
1149 3050 1259 3116 studia

188 3158 383 3223 diduxerat‘
412 3159 454 3230 ib,
480 3164 531 3240 57,
568 3161 608 3226 18
633 3165 680 3240 ,ut
704 3157 873 3242 (flagitium
896 3161 1093 3241 incognitum
1117 3160 1258 3225 Romani

189 3265 363 3351 exercitus)
387 3267 420 3329 in
445 3272 577 3331 externa
603 3265 700 3330 verba
715 3267 880 3339 iurarent‘.
920 3264 974 3331 Sic
991 3266 1080 3331 dedit
1095 3268 1258 3352 Halmius,

190 3373 353 3455 ,Romano
398 3373 561 3437 exercitui‘
602 3373 766 3457 Heraens,
809 3374 909 3439 6611611
950 3373 1117 3439 Medicens
1158 3373 1259 3439 habet

191 3478 367 3563 ,Romanus
402 3480 590 3561 exercitus,
628 3479 713 3562 quod
748 3480 972 3564 corrigendum
1007 3503 1076 3546 esse
1109 3481 1258 3563 equidem

188 3588 373 3670 intellegere
405 3609 469 3652 non
501 3608 642 3670 possum,
677 3595 709 3651 et
743 3589 842 3651 miror
874 3589 1040 3653 Heraeum
1068 3590 1101 3652 in
1125 3609 1257 3654 numero

190 3694 306 3778 plurali
348 3696 510 3776 ,iurarent‘
556 3716 627 3758 oum
670 3694 824 3776 singulari
864 3696 1044 3776 ,exercitus‘
1087 3697 1257 3761 coniuncto

263 3890 284 3960 ¹)
303 3892 352 3944 ubi
371 3891 447 3959 apud
464 3890 609 3944 Halmium
628 3891 658 3944 in
680 3894 760 3944 textu
779 3891 924 3945 invenitur
943 3892 1067 3961 ,orgine‘,
1087 3892 1258 3962 typographi

192 3998 287 4035 errore
305 3979 456 4033 manifesto
476 3980 616 4047 illapsum.

264 4067 284 4138 2)
305 4070 335 4123 11
354 4068 429 4123 Μ16.
458 4069 548 4123 Rhen.
577 4068 701 4138 311116.
752 4069 860 4139 Quibus
880 4074 975 4123 autem
1002 4071 1093 4124 causis
1112 4074 1258 4140 permotus

192 4160 326 4214 Tiedliius
352 4177 456 4228 ,rarum
485 4160 522 4212 in‘
546 4159 696 4229 addiderit,
720 4161 821 4228 neseio,
847 4178 910 4214 cum
935 4159 1066 4215 Museum
1089 4160 1258 4217 Rhenanum

193 4251 331 4317 inspicere
351 4266 408 4302 161
426 4249 575 4320 potuerim.
