2880 5094
293 2072 396 2192 Quo
421 2122 568 2166 sermone
584 2100 720 2167 excellat
735 2122 845 2167 rerum
868 2100 984 2185 aliquis
1002 2100 1151 2185 scriptor,
1180 2122 1253 2166 eum

82 2268 89 2276 ,
184 2228 247 2271 nou
273 2228 313 2272 ex
329 2207 486 2292 scriptore
504 2208 583 2289 solo,
602 2207 659 2272 scd
675 2228 826 2289 magnam
842 2213 970 2291 partem
986 2227 1003 2272 e
1020 2204 1253 2271 consuetudine

186 2321 217 2378 et
240 2316 381 2381 moribus
406 2316 523 2380 aetatis
549 2316 626 2397 eius,
658 2336 722 2397 qua
748 2315 818 2398 quis
842 2300 1014 2399 scripserit,
1044 2311 1254 2378 iudicandum

185 2444 254 2487 csse
279 2444 351 2488 cum
374 2423 459 2487 inter
483 2443 593 2487 omnes
611 2427 748 2504 constat,
773 2428 842 2486 tum
858 2422 997 2486 maxime
1014 2428 1063 2486 cst
1086 2426 1254 2486 consenta-

185 2551 289 2594 ncum.
336 2528 453 2612 Neque
482 2529 565 2594 enim
591 2530 772 2613 quisquam,
803 2530 949 2612 quamvis
983 2528 1098 2594 doctus
1131 2529 1173 2593 sit
1205 2527 1256 2592 vel

184 2637 335 2721 proprius
360 2643 393 2700 et
419 2658 504 2717 suus,
538 2636 579 2701 ab
605 2638 723 2701 aetatis
758 2659 834 2703 suae
867 2638 994 2702 ratione
1023 2636 1255 2720 voluntateque

183 2743 266 2809 adeo
290 2744 374 2809 liber
401 2749 433 2808 et
457 2745 582 2809 solutus
605 2743 736 2827 incedit,
770 2750 807 2809 ut
830 2765 895 2809 non
922 2766 982 2824 ,eas
1007 2743 1173 2826 cogitandi
1197 2749 1255 2808 aut

184 2849 312 2916 dicendi
336 2851 434 2936 leges,
460 2873 541 2934 quas
566 2852 674 2917 animo
699 2860 732 2917 et
754 2852 949 2934 cogitatione
973 2851 1158 2936 conceperit
1182 2852 1256 2917 sibi-

184 2980 246 3040 quc
271 2959 486 3041 coust'tuerit,
511 2946 629 3025 aetatis
654 2982 732 3025 suae
755 2960 910 3026 beneficio
935 2967 1101 3025 assecutus
1127 2961 1178 3025 sit.
1214 2959 1257 3023 Id

185 3063 273 3146 quod
296 3065 329 3128 in
352 3065 514 3130 historicis
540 3067 628 3132 haud
645 3069 775 3133 minime
792 3074 937 3153 apparet.
972 3063 1257 3151 Quemadmodum

186 3174 270 3238 enim
303 3193 413 3236 rerum
446 3179 609 3255 gestarum
644 3177 793 3261 scriptor,
831 3178 951 3260 quippe
985 3178 1039 3258 qui
1076 3174 1257 3257 legentibus

186 3282 333 3365 exempla
349 3303 533 3366 proponere
554 3284 630 3348 velit
655 3291 712 3349 aut
735 3284 777 3348 ad
794 3283 987 3349 imitandum
1004 3291 1060 3349 aut
1077 3283 1121 3348 ad
1145 3304 1257 3348 caven·

185 3387 272 3470 dum,
298 3389 467 3454 consilium
491 3413 584 3455 suum
610 3393 742 3475 exsequi
767 3394 898 3477 poterit,
921 3392 982 3457 nisi
1007 3392 1049 3457 ad
1074 3393 1198 3458 animos
1223 3398 1256 3456 et

184 3503 308 3561 mentes
333 3518 454 3579 eorum,
482 3519 563 3581 qnos
588 3498 704 3564 docere
728 3501 805 3582 vult,
836 3521 883 3581 ea,
919 3521 1003 3582 quae
1028 3499 1173 3565 editurus
1198 3505 1256 3581 est,

185 3604 457 3670 accommodans?
497 3605 695 3671 Persuasum
728 3607 812 3671 enim
846 3607 951 3672 habeo
984 3629 1256 3690 unumquemque,

186 3714 241 3795 qni
257 3734 409 3795 magnum
426 3713 559 3796 aliquod
577 3721 609 3778 et
622 3736 718 3796 grave
735 3715 794 3780 sibi
811 3715 1027 3798 proposuerit,
1052 3717 1113 3779 nisi
1129 3715 1257 3797 ingenio

186 3842 244 3886 suo
270 3828 301 3886 et
324 3821 433 3886 indole
449 3823 654 3887 vehementer
670 3843 858 3906 permovere
873 3822 1019 3886 homines
1037 3823 1084 3887 sui
1103 3823 1257 3906 temporis

185 3950 250 3993 non
274 3949 378 4012 posse.
413 3927 582 4011 Ingenium
600 3935 707 3994 autem
725 3937 757 3994 et
773 3928 914 3994 indolem
931 3930 1080 4013 scriptor,
1106 3929 1259 4012 quoniam

186 4035 354 4101 scribendo
379 4042 506 4101 tantum
530 4036 706 4119 legentium
723 4037 846 4101 animos
872 4036 1021 4118 advertit,
1046 4037 1118 4121 ipso
1142 4056 1259 4118 genero

187 4142 314 4206 dicendi
331 4145 461 4227 optime,
487 4165 527 4208 ne
552 4143 658 4209 dicam
674 4144 776 4225 unice,
803 4143 952 4210 ostendit.
986 4145 1031 4210 Ut
1046 4144 1154 4227 igitur,
1181 4143 1259 4229 quid

187 4250 337 4332 Tacitini,
363 4251 442 4335 quid
458 4251 586 4317 Liviani
610 4254 735 4333 generis
760 4250 888 4317 dicendi
904 4253 1072 4337 proprium
1093 4253 1144 4335 sit,
1169 4252 1259 4336 peni-

186 4366 239 4426 tus
252 4365 502 4443 perscrutemur,
515 4366 708 4444 temporum,
723 4359 838 4443 quibus
851 4366 987 4443 uterque
1000 4359 1137 4444 scriptor
1149 4358 1258 4444 fuerit,

186 4469 292 4552 prima
315 4465 408 4530 nobis
424 4465 576 4531 habenda
593 4475 641 4532 est
656 4469 752 4533 ratio.
801 4467 938 4548 Deinde,
964 4489 1048 4551 quac
1064 4468 1105 4533 ab
1122 4474 1260 4552 utroque

186 4575 361 4640 memoriae
386 4573 518 4660 prodita
541 4575 606 4639 sint
629 4574 679 4639 vel
695 4582 843 4660 tempora
865 4575 915 4641 vel
937 4596 990 4641 res
1006 4584 1127 4660 gestae,
1152 4575 1260 4661 negle-

1080 4703 1095 4755 l
