2880 5094
605 252 815 316 ...12-

185 449 272 535 quod
296 449 406 516 multis
429 447 586 514 librorum
604 447 671 512 eius
695 446 774 512 locis
795 445 962 530 probatur,
980 445 1004 534 1)
1051 443 1135 512 Oum
1154 443 1256 528 igitur

182 557 338 624 benevolo
363 559 470 623 animo
509 576 644 640 magnos
684 561 716 620 et
753 575 929 637 generosos
968 554 1053 640 viros
1089 553 1254 637 laudaret,

184 672 352 750 sperneret
382 664 529 730 crudeles
559 671 658 748 atque
688 663 892 746 inhumanos,
921 663 1112 729 miserorum
1144 661 1255 728 adfiic-

183 782 356 858 torumque
380 774 507 840 casibus
531 779 797 859 commoveretur,
832 771 901 836 fieri
929 791 994 835 non
1022 770 1138 854 potuit,
1175 771 1255 854 quin

183 904 284 966 genus
309 880 438 947 dicendi
461 880 608 963 fingeret,
645 880 733 965 quod
758 881 864 946 alacre
894 886 926 945 et
948 880 1100 962 hilarum,
1133 877 1254 945 florens

184 997 217 1056 et
241 988 424 1075 splendere,
460 989 621 1053 sincerum
645 995 678 1055 et
701 989 838 1074 simplex
862 988 1039 1054 oblectaret
1062 1007 1254 1072 semperque

183 1088 515 1182 caperet'legentium
538 1096 673 1161 animos.

271 1202 375 1269 Aliud
399 1203 532 1269 Tacitus
568 1203 629 1269 sibi
665 1203 771 1287 elegit,
809 1204 865 1287 qui
899 1225 966 1270 nou
989 1201 1032 1268 ad
1062 1223 1171 1269 omnes
1200 1223 1254 1267 res

183 1313 350 1378 Romanas
374 1310 553 1377 tradendas
577 1331 611 1376 se
636 1312 782 1393 contulit,
808 1317 898 1376 certa
913 1317 1040 1376 tantum
1061 1317 1155 1396 parte
1180 1331 1254 1375 oon·

183 1425 308 1501 tentus;
333 1419 463 1504 scripsit
487 1417 572 1483 enim
596 1417 764 1483 historiam
787 1439 896 1483 rerum
913 1419 971 1484 sub
995 1418 1130 1502 imperio
1146 1416 1171 1482 J
1173 1417 1255 1482 ulio-

153 1604 154 1607 ¹
184 1549 257 1591 rum
274 1523 551 1610 Claudiorumque
567 1531 599 1590 et
614 1526 802 1591 Flaviorum
819 1537 989 1608 gestarum.
1029 1527 1127 1592 Hanc
1144 1532 1254 1591 autem

184 1632 347 1700 servitutis
371 1632 541 1699 Romanae
564 1634 752 1698 memoriam
789 1655 859 1702 esse
894 1637 964 1719 ipse
992 1635 1119 1700 videtur
1146 1634 1254 1699 existi-

184 1740 299 1825 masse,
337 1741 377 1815 cf,
414 1764 498 1824 quae
533 1740 616 1824 Agr.
641 1763 668 1813 c,
692 1741 751 1807 III
786 1748 867 1811 extr.
903 1742 992 1811 dicit.
1051 1739 1146 1823 Quae
1179 1742 1253 1806 lene

183 1851 270 1935 cepit
292 1849 420 1914 initium
443 1850 509 1913 iam
533 1870 552 1913 a
575 1870 685 1932 pugna
708 1848 858 1932 Actiaca,
889 1873 961 1915 cum
984 1849 1113 1935 plurimi
1137 1849 1253 1914 civium

184 1958 294 2025 taedio
331 1957 535 2022 assiduorum
571 1958 709 2023 civilium
743 1959 903 2024 bellorum
938 1957 1059 2023 adfecti
1092 1956 1252 2022 libertatis

183 2067 307 2130 nullam
330 2063 397 2130 fere
422 2087 533 2130 curam
562 2066 730 2149 haberent,
765 2067 822 2132 sed
846 2066 1034 2150 Augustum
1062 2072 1253 2151 paterentur

184 2173 292 2239 omnia
314 2173 348 2236 in
372 2193 405 2236 se
430 2173 561 2238 trahere
576 2175 827 2257 magistratuum
843 2176 953 2240 munia
969 2176 1049 2240 etin
1066 2174 1133 2239 dies
1149 2172 1252 2254 magis

184 2286 432 2346 consuescerent
463 2282 520 2347 otii
553 2281 723 2348 dulcedine
755 2281 918 2365 delectari,
955 2282 1016 2347 sibi
1048 2280 1252 2366 potissimum

184 2388 360 2471 consulere,
385 2389 523 2474 principi
540 2390 774 2473 obtemperare.
822 2388 875 2455 Sic
890 2388 1091 2473 parabantur
1108 2389 1251 2452 omnium

183 2497 283 2563 animi
307 2496 348 2561 ad
372 2497 579 2562 tolerandum
613 2497 702 2562 illum
729 2498 867 2562 ciuitatis
892 2504 1023 2578 statum,
1060 2495 1116 2560 ubi
1139 2495 1251 2561 Juliae

183 2606 287 2690 gentis
311 2607 472 2690 principes
496 2607 529 2670 in
552 2607 764 2691 impotentem
782 2605 1036 2671 dominationem
1058 2604 1142 2669 versi
1167 2605 1250 2670 cives

184 2714 271 2780 omni
305 2713 402 2779 modo
432 2722 596 2796 vexarent,
634 2715 824 2796 cruciarent,
861 2713 1117 2799 pessumdarent,
1154 2713 1251 2778 variis

184 2822 372 2888 libidinibus
404 2822 629 2905 exercitarent,
666 2823 746 2887 nihil
782 2821 871 2887 aliud
905 2821 1005 2886 validi
1032 2821 1251 2902 relinquerent

185 2952 282 3014 quam
307 2930 473 3000 exercitus.
522 2929 602 2994 Jam
625 2938 772 2995 secutum
796 2937 845 2995 est
860 2930 1046 2994 Flauiorum
1069 2929 1247 3012 imperium,

186 3038 273 3120 quod
297 3038 388 3102 varia
411 3044 499 3102 sorte
522 3037 646 3103 laetum
680 3038 900 3122 reipublicae
936 3043 993 3102 aut
1027 3042 1136 3118 atrox,
1171 3035 1249 3120 ipsis

183 3145 383 3229 principibus
408 3165 599 3228 prosperum
628 3145 677 3209 vel
701 3146 798 3210 exitio
823 3145 897 3232 fuit3
912 3144 939 3230 2)
977 3143 1063 3227 quod
1099 3149 1249 3228 expertus

183 3251 319 3318 Tacitus
344 3252 488 3317 oblivisci
511 3274 677 3335 nunquam
701 3255 809 3337 potuit
837 3252 1099 3335 grauissimorum
1121 3251 1251 3316 illorum

184 3366 216 3425 et
238 3359 497 3425 tristissimorum
534 3360 716 3425 Domitiani
751 3368 942 3444 temporum,
973 3360 1027 3442 qui
1056 3359 1163 3424 caedis
1188 3360 1251 3423 avi·

184 3467 334 3532 dissimus
370 3468 484 3532 ultima
508 3468 699 3534 crudelitate
733 3469 766 3532 in
797 3488 906 3533 omnes
942 3467 1087 3532 saeviret.
1133 3466 1251 3547 Itaque

184 3596 257 3639 cum
281 3575 329 3639 rei
352 3574 502 3658 publicae
536 3576 663 3640 ruinam
687 3576 910 3641 molestissime
938 3573 1047 3656 ferret,
1084 3574 1124 3639 de
1148 3581 1251 3639 muta-

184 3682 271 3746 tione
294 3688 477 3766 tsmporum
512 3683 610 3766 plane
646 3682 832 3767 desperavit
868 3681 1011 3763 Tacitus
1050 3684 1168 3767 quippe
1197 3682 1252 3765 qui

183 3789 401 3874 perspexisset
424 3789 556 3854 servilia
580 3790 695 3854 civium
711 3790 842 3872 ingenia
865 3789 946 3855 adeo
963 3790 1136 3873 repudiare
1158 3790 1252 3856 liber·

183 3904 295 3978 tatem,
320 3897 413 3961 utin
437 3897 481 3962 eis
506 3897 575 3981 spei
590 3897 671 3961 nihil
694 3897 880 3983 ponendum
897 3905 991 3967 esset.
1037 3899 1154 3983 Neque
1178 3920 1252 3963 eum

256 4109 278 4177 1)
297 4129 323 4165 v.
343 4129 366 4164 e.
387 4129 409 4165 c.
429 4109 509 4179 XXI,
530 4110 572 4166 10.
609 4109 702 4180 XXX,
722 4114 766 4181 42,
785 4114 828 4167 21.
864 4110 959 4181 XLII,
979 4111 1022 4181 28,
1045 4112 1086 4167 12.

256 4199 321 4272 ²)v.
340 4201 417 4258 Hist.
437 4200 478 4272 II,
501 4203 523 4256 l.
