2880 5094
644 284 845 344 ..g-

210 477 315 544 Immo
340 497 361 542 a
384 476 516 542 crimine
538 475 595 540 illo
617 475 745 541 Livium
770 474 945 541 defendere
970 471 1170 561 aliquantum
1196 477 1279 544 vide-

210 592 265 651 tur
289 582 517 668 Quintilianus,
551 584 605 666 qui
629 585 702 649 inst.
738 603 784 648 or.
818 582 847 665 Ι,
874 587 903 665 5,
930 587 971 647 56
1006 583 1093 670 dicit,
1127 584 1281 667 quemad-

210 692 343 759 modum
366 692 472 758 Pollio
496 690 720 776 deprehendat
735 691 775 765 ¹in
791 691 885 756 Livio
901 691 1159 775 patavinitatem,
1183 693 1280 758 licere

211 801 320 866 omnia
342 799 462 864 Italica
485 820 544 882 pro
561 799 720 862 Romanis
745 797 879 879 babeat3
904 819 1008 882 neque
1025 799 1130 864 minus
1147 798 1281 865 Tacitus

210 908 291 991 Agr.
321 930 347 976 c.
372 907 409 971 X
442 906 741 989 eloquentissimum
773 911 917 971 veterum
949 913 1119 973 auctorem
1152 907 1281 972 Livium

210 1016 310 1081 fnisse
340 1013 472 1078 iudicat.
520 1012 706 1095 Praeterea,
744 1012 824 1096 quid
859 1010 993 1078 Asinius
1030 1015 1177 1097 senserit,
1213 1020 1281 1079 tam

211 1121 360 1204 ambigue
377 1119 568 1203 Quintiliani
591 1120 695 1185 verbis
711 1120 883 1201 indicatur,
909 1126 946 1185 ut
961 1121 1037 1185 inde
1061 1122 1113 1186 vix
1136 1144 1280 1206 unquam

212 1229 335 1314 aliquid
359 1236 482 1294 certum
506 1249 544 1292 ac
572 1234 725 1294 constans
754 1230 877 1314 percipi
901 1229 1019 1313 possit3
1051 1229 1112 1294 nisi
1140 1230 1223 1296 forte
1248 1231 1280 1293 id

210 1338 375 1419 statuitur,
399 1336 654 1420 intellegendum
679 1359 749 1402 esse
772 1360 866 1402 usum
890 1338 1019 1420 linguae
1042 1336 1152 1422 paullo
1175 1338 1281 1403 liberi-

211 1466 298 1510 orem
322 1453 355 1509 et
378 1451 508 1511 tenuem
532 1445 695 1528 quendam
724 1447 879 1511 orationis
909 1447 1059 1529 colorem,
1090 1447 1181 1511 cuius
1211 1467 1282 1530 per·

211 1559 336 1618 taesnm
361 1552 402 1617 sit
418 1552 610 1634 Pollionem,
635 1552 798 1616 hominem
815 1552 932 1616 eruditi
957 1560 989 1618 et
1010 1554 1127 1618 urbani
1150 1554 1279 1636 ingenii.

210 1659 361 1742 Denique
393 1683 434 1724 ne
462 1659 543 1725 illud
576 1658 705 1742 quidem
740 1659 993 1724 obliviscendum
1024 1668 1082 1742 est,
1115 1658 1203 1723 haud
1236 1662 1282 1724 ita

210 1768 372 1849 integrum
401 1775 432 1832 et
460 1769 684 1850 incorruptum
712 1766 811 1830 fuisse
839 1765 946 1829 Asinii
969 1766 1131 1847 iudicium,
1161 1768 1282 1851 quippe

212 1876 266 1957 qui
291 1896 388 1938 senex
405 1881 489 1938 esset
504 1895 650 1938 morosus
668 1875 873 1957 graviterque
890 1872 990 1937 ferret
1005 1880 1111 1938 totum
1126 1876 1281 1956 temporis

211 1983 259 2045 sui
287 2003 409 2046 morem
442 1988 473 2045 et
497 1981 702 2066 rationem.1)
750 1978 843 2062 Quae
877 2001 950 2044 cum
980 1981 1028 2044 ita
1060 1981 1133 2062 sint,
1169 1982 1282 2062 negari

210 2110 275 2152 non
310 2094 428 2172 potest,
466 2089 610 2170 quamvis
650 2086 851 2152 adamaverit
889 2087 1000 2152 Livius
1040 2109 1157 2152 aureae
1199 2109 1281 2171 quae

212 2195 329 2259 dicitur
352 2197 467 2260 aetatis
499 2198 673 2279 scriptores
696 2195 937 2279 imitandosque
970 2195 1032 2260 sibi
1063 2196 1280 2280 proposuerit,

213 2312 320 2368 tamen
352 2302 394 2368 ad
427 2311 615 2386 argenteam
648 2310 790 2369 aetatem
823 2303 911 2368 haud
942 2324 1057 2389 pauca,
1093 2302 1134 2367 ab
1168 2301 1282 2367 eodem

211 2418 377 2494 usurpata,
396 2432 465 2476 esse
482 2409 667 2499 referenda,
682 2410 715 2475 id
733 2410 821 2494 quod
838 2406 1032 2476 confirmant
1048 2431 1121 2474 cum
1133 2409 1281 2494 poeticae

211 2518 401 2601 locutiones,
434 2520 550 2602 quibus
575 2520 701 2602 saepius
734 2518 914 2584 delectatus
939 2525 997 2600 est,
1029 2524 1099 2583 tum
1124 2518 1282 2582 vocabula

212 2624 373 2709 quaedam
396 2626 609 2709 vehementia,
643 2626 757 2709 quibus
790 2627 918 2712 saepius
952 2625 1095 2708 indulsit,
1130 2625 1185 2690 ubi
1208 2626 1281 2691 sim·

211 2733 348 2818 plicibus
372 2735 419 2797 uti
443 2738 584 2817 poterat.

302 2839 426 2906 Oontra
451 2839 584 2905 Tacitus
609 2847 697 2906 totus
722 2847 897 2924 argenteae
920 2840 1051 2923 linguae
1068 2840 1208 2905 Latinae
1233 2846 1282 2905 est

212 2949 340 3014 aetatis.
394 2945 486 3026 Quae
522 2970 594 3013 cum
615 2950 731 3030 ¹magis
767 2949 934 3032 magisque
968 2948 1227 3031 degeneravisset
1262 2970 1282 3013 a

215 3077 305 3121 more
330 3062 361 3121 et
386 3054 618 3120 consuetudine
642 3056 772 3141 optimis
798 3057 1008 3139 scriptoribus
1033 3063 1177 3141 accepta,
1206 3062 1282 3120 ante

212 3164 319 3229 omnia
342 3185 510 3227 numerum
535 3165 713 3229 oratorium
730 3163 1002 3247 periodorumque
1019 3164 1279 3243 concinnitatem,

212 3270 328 3355 quibus
363 3271 459 3336 rebus
496 3271 610 3337 Cicero
645 3273 729 3336 inter
765 3277 889 3336 ceteros
925 3268 1095 3354 floruerat,
1133 3271 1281 3338 consulto

210 3380 350 3462 respuit3
377 3379 593 3464 displicebant
610 3380 693 3445 enim
718 3400 757 3443 ea
780 3386 946 3461 tamquam
967 3379 1141 3444 uniformia
1165 3386 1197 3442 et
1220 3398 1280 3440 usu

212 3488 344 3569 vulgata
368 3495 401 3551 et
425 3486 570 3554 molesta.
629 3486 837 3553 Sententioso
873 3495 982 3551 autem
1007 3485 1135 3551 dicendi
1163 3506 1280 3567 genere

211 3596 298 3678 capti
321 3594 467 3659 homines
502 3595 687 3660 inciderunt
710 3595 901 3676 orationem,
933 3617 1030 3678 quam
1059 3593 1197 3657 maxime
1224 3615 1281 3677 po-

212 3709 329 3785 terant,
354 3702 531 3787 brevesque
549 3711 581 3768 et
604 3710 736 3786 argutas
762 3705 937 3768 sententias
954 3701 1166 3769 reddiderunt
1182 3703 1280 3770 etiam

211 3811 379 3896 particulis
402 3831 478 3875 raro
503 3810 666 3893 adhibitis,
704 3811 820 3895 quibus
845 3819 943 3876 antea
978 3812 1158 3876 sententiae
1188 3812 1281 3894 quasi

211 3918 353 3983 firmiore
377 3919 502 3983 vinculo
528 3919 684 3983 contineri
710 3918 866 3991 solebant,
928 3917 1062 3983 Accidit
1092 3918 1192 4001 igitur
1216 3917 1281 4002 ple·

214 4026 334 4110 risque,
371 4034 407 4089 ut
431 4026 535 4091 oratio
558 4025 592 4088 in
615 4026 741 4090 minuta
765 4025 933 4090 enuntiata
957 4025 1166 4108 dilaberetur,
1197 4046 1281 4108 quac

283 4257 306 4331 1)
326 4257 361 4312 cl.
381 4256 506 4317 Gellium
525 4258 555 4314 in
574 4262 649 4315 noct.
668 4256 730 4313 Att.
750 4255 773 4311 I.
793 4256 836 4329 22,
857 4256 898 4314 19.
