2880 5094
603 612 810 673 ..51-

182 806 310 870 ornatui
335 827 431 888 quam
455 807 591 870 maxime
608 805 774 890 inserviat3
798 805 832 870 id
849 805 945 869 etiam
958 804 1032 868 inde
1048 804 1247 888 perspicitur,

186 912 273 995 quod
299 912 340 975 ab
365 912 548 976 oratoribus
573 920 605 977 et
629 911 838 997 scriptoribus
856 908 1006 977 rhetorici
1018 912 1082 975 stili
1096 911 1248 977 studiosis
1339 895 1342 899 ’

184 1019 371 1103 saepissime
408 1018 575 1103 anaphora
613 1019 758 1084 adhibita
794 1021 882 1103 est,¹)
917 1019 1004 1082 velut
1032 1040 1052 1082 a
1085 1017 1248 1103 Cicerone,

184 1124 392 1209 Quintiliano,
418 1125 522 1196 Livio,
576 1125 706 1192 Deinde
739 1133 882 1191 veterum
916 1124 1065 1208 opinione
1096 1125 1250 1190 orationis

184 1234 376 1316 gravitatem
412 1240 509 1315 atque
545 1233 752 1298 acrimoniam
782 1240 896 1315 auget‚·
927 1239 974 1297 esl
1000 1233 1083 1297 enim
1109 1233 1250 1298 eiusdem

186 1340 274 1406 uerbi
298 1363 369 1405 cum
392 1341 423 1405 vi
447 1339 588 1423 quadam
611 1340 738 1405 iteratio
764 1347 796 1404 et
821 1340 962 1405 crebrior
979 1341 1076 1405 etiam
1092 1341 1250 1425 repetitio,

186 1468 269 1530 quae
293 1448 360 1512 vice
383 1448 519 1512 omissae
541 1448 676 1530 copulae
697 1447 887 1531 plerumque
911 1447 1107 1534 fungatur.2)
1132 1446 1251 1530 Quam·

185 1554 293 1618 obrem
317 1576 357 1618 ne
382 1551 531 1618 Tacitum
555 1552 694 1639 quidem,
720 1553 853 1618 eximiae
876 1555 1063 1637 scriptorem
1084 1555 1251 1637 gravitatis

185 1668 284 1743 atque
317 1661 478 1746 ponderis,
504 1660 591 1743 quod
616 1660 785 1743 aptissimo
809 1660 936 1725 nomine
959 1659 1010 1743 ,τὸ
1034 1657 1165 1747 osprdn‘
1190 1660 1251 1725 dici

185 1769 333 1852 potest,3)
358 1769 414 1832 illa
431 1769 624 1833 abstinuisse
648 1790 714 1834 non
729 1768 926 1849 mirabimur,
953 1769 1097 1849 quamvis
1121 1791 1252 1835 consen-

186 1882 315 1940 taneum
332 1878 374 1940 sit
389 1883 458 1941 tum
481 1876 681 1958 potissimum
698 1897 737 1941 ca
753 1877 942 1960 scriptorem
955 1895 1025 1939 esse
1043 1874 1252 1960 delectatum,

186 2005 258 2048 cum
283 1983 420 2048 oratoris
454 1983 565 2048 similis
595 1983 766 2067 incederet,
791 1990 827 2047 ut
849 1981 1076 2047 Boetticherus
1101 1981 1251 2068 66116614)

186 2088 292 2172 Quam
315 2091 459 2173 regulam
492 2090 629 2154 libenter
661 2091 728 2156 viro
765 2089 859 2154 docto
895 2087 1108 2173 concedimus,
1144 2110 1252 2171 quam·

187 2219 282 2280 quam
306 2198 450 2281 paullum
480 2196 566 2261 laedi
599 2197 725 2262 videtur
756 2196 913 2262 aTacito
947 2197 980 2259 in
1003 2194 1195 2280 Annalibus,
1218 2194 1252 2260 id

187 2304 274 2387 qnod
307 2304 390 2368 infra
421 2303 608 2370 videbimus.
665 2304 731 2370 Sed
763 2305 952 2388 priusquam
984 2304 1017 2366 in
1049 2302 1170 2367 medias
1201 2323 1253 2367 res

187 2433 305 2495 eamus,
331 2432 462 2476 necesse
486 2419 534 2476 est
554 2419 704 2496 statuere,
729 2433 794 2495 qua
810 2413 936 2476 ratione
951 2412 982 2474 in
997 2411 1123 2492 singula
1137 2431 1254 2492 genera

188 2520 306 2601 optime
331 2519 502 2583 diducatur
527 2519 708 2603 anaphora3
733 2540 838 2603 neque
861 2526 969 2602 potest
990 2518 1100 2600 negari
1116 2519 1253 2583 maximo
1329 2573 1331 2581 ,

187 2625 336 2690 idoneam
360 2625 461 2689 uideri
484 2647 554 2690 eam
578 2627 744 2704 rationem,
771 2648 854 2709 quae
879 2626 966 2710 apud
982 2625 1185 2708 Draegerum
1207 2627 1253 2690 in·

188 2736 341 2815 veniatur,
387 2735 589 2815 praesertimv
612 2734 718 2818 nobis,
752 2756 816 2798 non
848 2733 943 2798 modo
977 2734 1111 2821 copiam,
1144 2755 1253 2798 verum

189 2844 283 2906 etiam
308 2842 500 2924 grauitatem
523 2840 693 2906 verborum
716 2841 926 2913 intuentibus.
966 2841 1028 2905 1116
1051 2840 1166 2925 61111115)
1190 2842 1254 2905 tria

188 2970 307 3031 genera
332 2947 507 3032 distinguit,
534 2970 671 3031 quorum
694 2949 834 3031 primum
857 2949 915 3013 fiat
938 2949 1093 3014 vocabulo
1115 2949 1251 3032 formali,

188 3055 324 3121 alterum
359 3059 495 3141 nomine,
526 3057 655 3121 tertium
684 3055 781 3121 verbo
805 3056 951 3139 repetito.
1000 3054 1121 3140 Liquet
1145 3063 1253 3121 autem

187 3161 348 3228 levissima
372 3185 443 3226 cum
466 3164 497 3227 vi
519 3164 623 3247 repeti
647 3163 841 3228 vocabulum
864 3163 1007 3249 formale,
1037 3160 1158 3228 maiore
1182 3185 1253 3228 oum

188 3271 347 3352 gravilate
370 3292 496 3355 nomen,
521 3291 645 3336 summo
673 3270 815 3355 pondere
842 3271 982 3337 verbum.
1031 3269 1183 3337 Ceterum
1211 3269 1254 3334 ad
1295 3329 1298 3335 ,

188 3380 452 3462 perspicuitatem
484 3378 596 3442 melius
629 3377 755 3443 videtur
790 3401 849 3463 pro
883 3382 1009 3445 nomine
1043 3377 1149 3442 dicero
1182 3376 1254 3442 sub·

189 3487 364 3549 slantivum
387 3486 438 3549 vel
461 3484 664 3550 adiectivum.
682 3523 725 3532 -—
742 3485 838 3552 Nunc
861 3488 958 3570 igitur
975 3509 1069 3552 usum
1084 3485 1254 3550 Liuianum

187 3591 344 3677 inspicere
367 3614 542 3676 possemus,
578 3594 639 3658 nisi
675 3601 772 3658 antea
801 3593 979 3660 notandum
1013 3600 1098 3659 esset
1120 3592 1254 3657 Kuehn-

188 3701 306 3763 astinm
342 3721 470 3783 quoqne
504 3701 607 3766 virum
641 3700 847 3765 clarissimum
882 3703 914 3765 in
947 3722 1073 3767 errores
1097 3700 1254 3784 quosdam

188 3807 358 3889 incidisse3
375 3809 601 3893 primumcum
618 3809 816 3893 anaphoram
833 3808 968 3874 eandem
985 3831 1081 3892 quam
1096 3807 1130 3874 N
1132 3809 1254 3891 aegels-

260 4041 283 4109 1)
303 4042 337 4097 61.
357 4041 569 4095 Boettichernm
589 4041 619 4094 in
638 4041 766 4111 prologg.
786 4042 821 4095 ad
841 4040 906 4096 Tac.
925 4059 952 4110 p.
971 4041 1015 4098 91.

263 4129 283 4199 ²)
304 4131 338 4186 cf.
357 4130 450 4184 Boett.
469 4131 487 4184 1.
507 4131 525 4184 l.
544 4148 572 4199 p.
591 4129 632 4184 90,

259 4219 279 4286 ³)
300 4221 333 4275 61.
354 4219 428 4275 Plin.
447 4239 490 4289 ep.
511 4218 552 4289 II,
574 4220 615 4273 ll.

260 4308 282 4379 4)
303 4309 336 4363 cf.
356 4310 375 4364 l.
395 4310 414 4365 1.
433 4328 460 4379 p.
480 4310 522 4363 91.

258 4398 281 4466 5)
301 4399 335 4453 de
364 4403 436 4468 synt.
466 4403 494 4453 et
523 4405 557 4456 st.
576 4399 640 4455 Tac.
671 4397 686 4467 fi
710 4401 771 4454 240.
812 4398 887 4470 Quid
907 4401 1048 4457 Gerberus
1069 4406 1098 4456 et
1125 4400 1254 4456 Greeiius

187 4489 216 4542 in
244 4489 335 4543 lexico
364 4488 477 4542 Taciteo
506 4490 541 4543 de
570 4507 602 4542 ea
630 4489 826 4559 iudicaverint,
855 4490 947 4546 dicere
974 4510 1030 4546 non
1049 4509 1171 4561 possum,
1191 4508 1254 4546 cum

187 4579 259 4633 liber
278 4579 325 4633 ille
344 4581 458 4649 praesto
477 4578 546 4632 mihi
565 4595 621 4632 non
639 4579 734 4634 fuerit.
