2880 5094
614 630 817 689 ..9-

181 825 325 891 novitate
348 820 580 889 sententiarum
604 831 637 888 et
659 823 770 906 lepore
787 822 934 915 quaesito
959 842 997 886 ao
1019 820 1118 884 nimio
1143 820 1251 902 legen·

183 933 264 998 tium
288 933 410 997 animos
435 937 615 1013 tangerent.
663 928 761 1012 Quod
777 938 814 994 ut
836 929 963 994 facilius
988 934 1249 1012 assequerentur,

136 1066 139 1071 ·
184 1040 279 1105 variis
304 1039 448 1104 artificiis
473 1039 653 1104 orationem
676 1057 834 1103 exornare
859 1044 1037 1120 coeperunt
1061 1042 1093 1101 et
1116 1035 1158 1100 ad
1184 1057 1252 1101 ver·

185 1149 297 1214 borum
326 1146 529 1211 dulcedinem
565 1146 822 1228 suavitatemque
857 1152 985 1209 tantam
1013 1150 1249 1227 processerunt,

182 1260 219 1320 ut
242 1254 412 1320 materiam
436 1254 469 1318 in
494 1252 562 1317 dies
587 1253 691 1317 minus
715 1258 866 1316 accurate
891 1251 1046 1333 eligerent
1069 1273 1174 1335 neque
1202 1273 1251 1316 re·

182 1369 334 1427 cusarent
357 1362 589 1447 ineptissimam
618 1366 676 1424 aut
700 1360 741 1423 ab
765 1380 873 1424 rerum
898 1381 959 1423 usu
988 1360 1250 1442 remotissimam,

183 1468 358 1535 dummodo
383 1467 508 1541 turmae
524 1466 662 1532 artificia
678 1465 834 1531 adhibere
857 1467 978 1537 liceret.
1011 1468 1107 1532 Hanc
1123 1467 1252 1532 inanem

182 1574 311 1642 dicendi
335 1584 439 1640 artem
463 1575 517 1658 qui
541 1595 692 1656 magnam
716 1582 844 1658 partem
874 1575 1023 1639 exinani
1052 1576 1118 1639 vita
1147 1583 1252 1640 ortam

184 1705 253 1749 esse
277 1683 483 1764 existimabit,
512 1682 643 1746 minime
666 1681 808 1753 falletur.
877 1682 957 1749 Vita
992 1683 1075 1747 enim
1107 1684 1251 1748 civilibus

185 1792 321 1874 negotiis
346 1791 452 1856 soluta
476 1811 735 1873 summarumque
758 1811 866 1854 rerum
883 1809 962 1853 cura
978 1798 1010 1855 et
1026 1791 1130 1873 gloria
1155 1792 1253 1857 desti·

186 1907 259 1965 tuta
281 1919 430 1982 magnam
454 1898 519 1962 arti
544 1897 705 1962 oratoriae
722 1897 901 1980 materiam,
927 1918 1011 1979 quae
1034 1900 1160 1980 magnis
1179 1921 1253 1965 con-

185 2006 263 2071 siliis
287 2027 326 2071 ac
348 2006 519 2071 virtutibus
556 2005 679 2069 animos
716 2014 870 2087 moveret,
907 2005 1052 2070 subicere
1093 2028 1159 2070 non
1187 2007 1253 2072 iam

183 2120 329 2199 poterat;
363 2114 475 2197 itaque
498 2114 531 2177 in
554 2114 627 2196 ipsa
651 2112 780 2176 dicendi
810 2122 878 2177 arte
908 2113 1100 2179 colebantur
1128 2120 1160 2179 et
1184 2114 1253 2179 dili·

183 2222 342 2305 gebantur
376 2221 487 2286 inania
520 2221 588 2286 fere
624 2241 662 2285 ae
698 2242 779 2285 vana
808 2222 926 2292 omnia.
981 2225 1022 2286 lit
1046 2229 1083 2288 ut
1107 2224 1252 2307 exemplo

183 2337 268 2409 utar,
294 2352 368 2395 curn
392 2330 565 2413 scriptores
595 2336 665 2394 tum
688 2335 816 2414 poetae,
857 2336 893 2394 ut
928 2330 977 2393 sui
1005 2328 1252 2396 admirationem

184 2438 371 2519 excitarent,
407 2443 534 2502 mutata
568 2436 675 2501 forma
699 2438 857 2502 orationis
894 2437 1030 2501 eandem
1060 2439 1253 2503 sententiam

183 2552 331 2630 repetere
346 2544 504 2626 solebant,
529 2568 601 2610 oum
616 2545 765 2610 brevibus
791 2544 898 2609 dicere
915 2547 1015 2610 satius
1033 2553 1131 2626 esset3
1155 2545 1206 2610 vel
1221 2547 1254 2610 in

185 2653 354 2719 verborum
377 2653 500 2718 lusibus
524 2652 745 2717 immoderatis
781 2660 880 2736 atque
903 2655 1022 2737 ineptis
1052 2660 1155 2718 totam
1184 2674 1254 2718 sen-

187 2761 306 2826 tentiae
330 2763 393 2826 vim
416 2760 590 2846 ponebant,
627 2762 675 2825 ita
697 2768 734 2825 ut
758 2783 854 2843 saepe
883 2761 988 2824 unius.
1003 2761 1145 2842 syllabae
1169 2762 1254 2827 litte·

187 2889 282 2934 raeve
305 2869 487 2936 discrimine
510 2891 572 2952 res,
598 2869 771 2951 dequibus
789 2877 951 2952 ageretur,
979 2869 1126 2935 diversae
1150 2870 1255 2935 effice·

187 2983 313 3059 rentur3
347 2978 398 3044 vel
421 2980 454 3042 in
479 2979 557 3042 alias
582 2977 702 3060 figuras
726 2978 857 3043 inutiles
888 2979 1108 3060 molestasque
1132 2976 1255 3041 desere·

185 3087 311 3156 bantur.
369 3085 483 3169 Atque
518 3086 703 3168 eloquentia
728 3087 882 3170 quoniam
917 3087 950 3151 in
975 3106 1099 3150 summa
1128 3106 1255 3167 semper

183 3194 280 3260 laude
303 3193 420 3277 fuerat,
456 3200 533 3259 tunc
556 3196 709 3279 temporis
745 3193 891 3258 homines
915 3194 1032 3259 litteris
1065 3189 1183 3258 eruditi
1211 3191 1254 3256 ad

185 3302 456 3368 declamationum
480 3301 588 3366 studia
611 3309 699 3367 totos
723 3323 757 3366 se
782 3302 992 3367 conferebant
1016 3303 1136 3383 eisque,
1170 3322 1254 3382 quae

184 3409 247 3475 fori
272 3411 452 3476 actionibus
477 3411 581 3495 primo
606 3412 858 3492 continerentur,
896 3433 971 3475 mox
1001 3411 1110 3475 omnia
1133 3410 1254 3474 littera-

184 3539 256 3582 rum
279 3538 407 3600 genera,
432 3517 611 3598 historiam,
637 3517 887 3602 philosophiam,
917 3520 1020 3600 ipsam
1050 3520 1161 3600 poesin
1188 3540 1256 3583 cor·

184 3624 385 3707 rumpebant.
431 3624 547 3707 Neque
579 3626 743 3688 tamenin
776 3626 865 3707 peius
899 3625 981 3690 adeo
1005 3632 1166 3690 mutatum
1199 3632 1256 3690 aut

184 3733 302 3797 inertia
325 3732 476 3797 obrutum
502 3734 664 3796 saeculum
690 3739 769 3813 erat,
794 3739 831 3796 ut
855 3734 1013 3813 deessent,
1040 3735 1094 3815 qui
1118 3755 1254 3816 pravam

183 3841 272 3905 illam
308 3848 406 3924 atque
430 3839 593 3905 detortam
629 3841 894 3905 consuetudinem
936 3842 1044 3925 perosi
1080 3842 1113 3904 in
1142 3842 1255 3906 melius

183 3947 355 4013 restituere
380 3947 507 4011 dicendi
523 3953 625 4012 artem
650 3955 682 4012 et
706 3954 861 4032 cuperent
885 3954 917 4013 et
932 3947 1148 4020 intenderent,
1181 3947 1256 4031 Qua

183 4058 217 4122 in
240 4078 276 4122 re
300 4057 355 4140 qui
379 4077 462 4122 novo
499 4056 628 4120 dicendi
652 4078 767 4139 genere
792 4057 901 4137 gavisi,
933 4057 1058 4137 maguis
1088 4063 1120 4120 et
1144 4077 1255 4120 narra-

183 4166 272 4229 tione
306 4164 409 4247 dignis
443 4164 539 4229 rebus
575 4186 734 4230 exornare
757 4164 907 4229 volebant
941 4163 1135 4246 orationem,
1168 4165 1256 4229 velut

188 4271 336 4338 Lucanus
384 4280 415 4337 et
455 4271 495 4342 L.
525 4270 663 4355 Seneca,
714 4271 802 4335 haud
849 4271 986 4335 multum
1017 4271 1254 4354 *profecerunt3

184 4401 259 4445 nam
282 4379 438 4462 impetum
474 4379 645 4445 verborum
681 4384 714 4443 et
743 4379 898 4443 orationis
925 4381 1077 4443 virtutem
1107 4379 1254 4444 consulto
1291 4431 1297 4449 .

185 4487 365 4571 quaesitam
389 4510 461 4552 cum
486 4509 550 4551 non
575 4494 754 4570 aequarent
777 4508 844 4567 res,
878 4487 940 4550 illis
966 4486 1064 4550 animi
1088 4486 1254 4552 hominum

184 4596 264 4683 erigi
299 4617 364 4663 non
398 4602 560 4683 poterant.
620 4596 689 4663 Alii
717 4595 896 4664 vanitatem
931 4600 1131 4678 aversantes,
1168 4593 1256 4662 velut
