2880 5094
604 662 649 672 .-
696 621 827 691 11..

182 825 384 911 potissimum
420 844 437 889 e
472 823 626 906 Vergilio.
644 822 670 908 1)
739 820 890 886 Priorum
932 826 1040 884 antem
1075 824 1252 903 praecepta

185 947 318 1000 eatenus
342 932 468 998 videtur
484 936 626 999 sectatus
643 950 724 1012 esse,
749 935 785 994 ut
802 936 925 995 certum
943 925 1104 1011 quendam
1119 925 1252 991 modum

185 1062 350 1124 nunquam
374 1038 553 1106 excederet.
604 1037 736 1102 Etenim
761 1037 820 1102 etsi
844 1036 1005 1101 veteribus
1035 1041 1067 1100 et
1090 1035 1174 1100 inter
1197 1055 1252 1100 eos

185 1148 339 1215 Sallustio
373 1146 538 1231 permulta
573 1145 686 1211 debuit
709 1144 869 1228 huiusque
892 1144 1109 1209 immortalem
1139 1142 1253 1207 veloci-

184 1263 284 1322 tatem
308 1262 341 1321 et
364 1254 556 1320 brevitatem
590 1254 720 1337 assequi
743 1273 940 1336 magnopere
972 1250 1106 1334 studuit,
1143 1257 1253 1315 tamen

184 1386 223 1430 ea
246 1363 318 1446 ipsa
352 1364 387 1427 in
421 1383 457 1427 re
481 1382 639 1426 summam
673 1360 931 1426 moderationem
967 1357 1116 1422 adhibuit
1150 1378 1253 1440 eaque

183 1471 253 1538 sola
277 1470 384 1554 elegit,
410 1488 496 1553 quae
518 1468 618 1533 insui
641 1468 707 1533 stili
730 1467 817 1550 leges
838 1467 1055 1536 convenirent.
1101 1464 1254 1548 Namque

182 1579 348 1646 constanti
370 1598 486 1643 norma
508 1576 670 1659 certisque
693 1576 817 1658 legibus
834 1595 911 1641 cave
935 1574 1048 1638 credas
1074 1573 1254 1639 orationem

184 1687 253 1751 eius
276 1684 432 1769 indigere,
462 1691 639 1767 quactum
664 1704 796 1748 numero
822 1680 965 1765 quodam
989 1681 1174 1765 praecipuo,
1200 1681 1255 1745 ab·

185 1793 342 1858 horrente
367 1790 495 1876 quidem
520 1791 575 1857 illo
601 1813 620 1856 a
641 1790 866 1871 Ciceroniana
890 1796 959 1854 tum
985 1810 1110 1853 summa
1134 1789 1255 1874 perspi·

189 1901 309 1965 onitate
331 1901 365 1964 in
389 1905 467 1983 apta
483 1904 517 1964 et
533 1898 707 1964 verborum
724 1906 757 1962 et
773 1896 1008 1962 sententiarum
1024 1897 1256 1980 compositione

188 2006 333 2079 excellat,

275 2113 341 2181 Sed
364 2113 446 2179 haec
480 2113 637 2180 hactenus
668 2113 708 2178 de
742 2112 958 2196 temporibus;
994 2132 1079 2176 nuno
1113 2111 1255 2194 inquira-

183 2245 266 2307 mus,
293 2242 378 2306 quae
400 2229 550 2307 tempora
585 2228 617 2286 et
652 2242 703 2286 res
740 2229 851 2303 gestae
881 2242 1011 2304 <quoque
1045 2219 1177 2285 consilio
1213 2219 1255 2284 ab

184 2338 324 2414 utroque
348 2328 584 2402 describantur,

275 2439 322 2504 ut
345 2438 486 2523 primum
511 2437 642 2520 quidem
658 2436 769 2501 Livius
791 2458 916 2502 summo
933 2436 1042 2502 studio
1066 2442 1255 2521 persecutus

185 2546 323 2612 civitatis
361 2545 467 2610 varios
499 2566 592 2609 casus
625 2545 851 2626 historicisque
884 2545 1107 2609 Romanorum
1138 2544 1255 2609 litteris

185 2653 315 2736 penitus
337 2652 492 2734 imbutae,
528 2651 675 2735 profecto
699 2652 867 2733 intellexit,
906 2673 1003 2734 quam
1032 2672 1096 2716 non
1123 2671 1255 2717 consen-

188 2759 286 2825 tirent
314 2780 397 2843 quae
420 2760 544 2843 priores
571 2761 767 2843 scripserant
791 2782 863 2824 eum
891 2760 1113 2842 magnitudine
1137 2759 1256 2843 gloria·

191 2888 253 2950 qne
275 2888 383 2933 rernm
408 2867 640 2932 Romanarum.
687 2866 816 2951 Itaque,
841 2874 876 2932 ut
901 2866 970 2949 ipse
993 2867 1094 2949 praei.
1120 2868 1175 2951 §3
1201 2865 1255 2930 de-

187 2982 302 3038 notare
324 2972 461 3055 ridetur,
497 2995 581 3056 quae
605 2975 744 3039 maiores
769 2975 936 3058 praeclare
964 2980 1062 3058 atque
1086 2973 1256 3056 magnifice

184 3081 369 3163 gessissent,
407 3082 530 3146 sincera
566 3104 638 3146 cum
662 3080 726 3146 fide
762 3089 794 3146 et
822 3105 895 3147 oum
931 3080 1082 3164 dilucida,
1119 3081 1256 3166 pulchra

185 3186 350 3271 dignaque
385 3189 533 3254 oratione
557 3189 732 3255 memoriae
756 3189 895 3272 prodere
920 3191 1097 3272 constituit,
1128 3210 1166 3256 eo
1190 3211 1256 3254 ma·

183 3295 269 3361 xime
293 3296 438 3379 consilio,
463 3305 500 3361 ut
524 3299 685 3380 corruptis
711 3304 743 3361 et
767 3297 952 3381 depravatis
970 3298 1160 3380 aequalibus
1184 3319 1255 3380 per·

185 3401 337 3468 suaderet
361 3403 481 3470 virtute
505 3426 544 3469 ao
568 3404 769 3485 fortitudine,
805 3406 931 3471 iustitia
966 3427 1005 3470 ao
1039 3408 1161 3491 pictate
1189 3407 1255 3470 Ro·

185 3531 297 3576 manos
321 3512 465 3576 omnium
490 3513 635 3595 gentium
663 3514 798 3596 imperio
827 3514 949 3596 potitos
979 3535 1060 3584 esse,
1124 3510 1255 3594 Quare

186 3617 336 3702 exempla
374 3617 558 3684 hominibus
597 3641 781 3705 proponere
819 3619 935 3702 voluit,
982 3620 1098 3702 quibus
1136 3619 1256 3703 perditi

185 3746 297 3791 eorum
319 3747 426 3791 mores
451 3728 710 3799 emendarentur,
756 3726 844 3791 Nam
869 3726 910 3791 de
933 3729 1089 3809 religione
1112 3728 1255 3793 nondum

185 3831 424 3918 desperaverat,
441 3835 538 3900 immo
558 3836 636 3900 deos
660 3835 774 3900 adesse
791 3856 863 3905 cum
881 3836 1003 3900 civitati
1024 3842 1092 3900 turn
1110 3836 1254 3920 privatis,

185 3940 340 4006 adiuvare
375 3942 523 4006 omnibus
559 3943 655 4008 rebus
691 3943 792 4007 bonos
829 3948 862 4006 et
896 3944 1064 4025 religiosos
1099 3944 1255 4027 homines,

183 4047 394 4131 pessumdare
426 4050 528 4115 malos
553 4057 585 4115 et
621 4049 761 4115 nefarios
798 4051 965 4116 etiamtum
989 4050 1187 4139 confidebat;
1221 4050 1270 4115 id

184 4229 398 4239 ψ...-

256 4333 277 4405 ¹)
308 4335 342 4390 cf.
375 4353 446 4404 quae
477 4336 674 4390 Boettioherus
707 4336 746 4407 (in
781 4337 837 4393 lex.
867 4335 954 4406 Tac),
996 4336 1147 4407 Grysarius
1184 4337 1256 4407 (An-

184 4424 349 4495 deutungen
368 4427 438 4480 iiber
457 4427 502 4479 die
523 4426 831 4497 Idigenti'imliohkeiten
861 4428 890 4480 in
915 4429 965 4481 der
983 4427 1170 4497 Darstellung
1197 4430 1256 4482 und

183 4512 323 4568 Iatinittt
352 4515 400 4569 des
430 4514 483 4584 Tb,
519 4516 671 4570 Goebelius
702 4516 747 4587 (de
776 4517 888 4585 poetico
916 4516 1026 4571 Tacitei
1055 4518 1112 4572 stili
1140 4518 1255 4588 colore),

183 4601 347 4675 Draegerus
366 4603 488 4676 (syntax
508 4607 565 4660 und
585 4606 640 4660 Stil
659 4607 708 4660 des
727 4606 770 4674 Τ.)
790 4607 825 4661 de
844 4607 896 4662 hac
915 4624 946 4661 re
965 4608 1154 4664 tradiderunt.
