2880 5094
606 278 828 340 ...16-

184 480 292 541 tamen
315 496 480 559 uunquam
503 473 571 539 fere
595 473 686 556 celat,
713 472 791 557 quid
808 474 879 557 ipse
895 472 1028 556 sentiat,
1053 472 1116 537 hoc
1140 479 1250 537 autem

185 589 297 667 aperte
324 604 490 667 nunquam
525 581 615 663 dixit,
652 581 708 646 sed
742 581 865 646 levibus
901 581 1004 646 verbis
1041 580 1159 646 additis
1195 579 1248 644 vel

183 690 274 755 tenui
296 691 403 756 colore
427 686 558 755 inducto
583 688 764 771 legentibus
791 688 963 753 inculcavit
990 710 1095 771 neque
1123 690 1251 771 acquie-

183 798 229 862 vit
251 797 285 861 in
320 804 408 862 recto
437 797 492 861 illo
521 802 676 878 veterum,
713 795 770 860 sed
806 796 943 880 obliquis
980 817 1063 878 quae
1097 795 1248 860 dicuntur

184 906 352 970 sententiis
374 905 467 995 unice
491 903 670 969 delectatus
696 910 753 968 est.

273 1011 360 1078 Satis
377 1010 498 1076 dictum
515 1017 563 1076 est
581 1010 621 1075 de
634 1008 763 1095 Tacito,
779 1031 865 1074 nunc
881 1009 922 1074 ad
935 1008 1062 1072 Livium
1074 1016 1249 1082 vertamur,

185 1116 248 1202 Qui
272 1126 342 1184 erat
364 1120 462 1183 animi
485 1118 624 1200 ingenui,
654 1117 780 1201 poetico
805 1116 948 1201 quodam
977 1138 1073 1181 sensu
1096 1116 1250 1200 imbutus,

184 1227 299 1291 mentis
323 1247 448 1290 summa
469 1226 500 1290 vi
523 1225 699 1289 instructus
723 1224 765 1288 ad
795 1245 845 1288 rus
874 1225 1066 1308 praeteritas
1098 1213 1250 1291 accurate

183 1333 405 1419 percipiendas
423 1333 636 1414 distincteque
653 1331 896 1419 exprimendas3
921 1332 999 1414 quid
1016 1333 1148 1398 liberale
1165 1342 1250 1399 esset

185 1448 217 1507 et
240 1443 407 1523 sincerum,
435 1440 513 1524 quid
537 1438 691 1504 decorum
720 1446 752 1503 et
781 1439 921 1521 elegans,
946 1447 1165 1523 perspexerat,
1191 1441 1249 1506 ad·

183 1549 350 1614 miratione
384 1549 509 1613 virtutis
544 1568 583 1611 ac
615 1547 745 1629 pietatis
773 1546 932 1610 maiorum
965 1568 1091 1612 summa
1124 1570 1251 1633 semper

183 1658 362 1723 tenebatur.
409 1657 514 1722 Laeto
530 1656 629 1737 igitur
654 1661 686 1718 et
703 1654 804 1719 alacri
829 1655 935 1718 animo
953 1653 1147 1720 tradendam
1171 1659 1251 1742 pris-

184 1787 294 1831 corum
318 1779 500 1849 temporum
527 1763 716 1827 memoriam
749 1763 899 1845 suscepit,
932 1762 1086 1844 singulari
1119 1763 1250 1829 adiutus

184 1873 339 1953 acumine,
354 1892 417 1954 quo
431 1878 580 1934 naturam
597 1868 712 1932 mentis
726 1867 889 1933 humanae
906 1869 1026 1953 optime
1042 1871 1251 1953 intellegebat

185 1986 217 2044 et
231 1978 446 2058 scrutabatur,
465 1997 548 2059 quae
564 1974 710 2041 homines
728 1978 931 2059 cogitassent,
950 2000 1032 2060 quae
1049 1981 1247 2063 metuissent,

185 2108 268 2170 quae
291 2086 476 2150 voluissent.
525 2082 648 2149 Tamen
677 2086 710 2148 in
735 2084 852 2149 abditis
880 2085 942 2150 illis
966 2087 1112 2151 sensibus
1137 2087 1251 2152 diiudi-

185 2193 296 2258 candis
320 2193 401 2256 inira
424 2192 576 2257 utebatur
598 2192 731 2257 lenitate
759 2199 792 2257 et
815 2192 1027 2276 humanitate,
1058 2215 1142 2277 quae
1170 2198 1252 2260 recti

185 2301 375 2383 honestique
409 2321 520 2365 amore
551 2321 716 2383 nunquam
755 2301 974 2366 deserebatur.
1032 2300 1250 2384 Quamobrem

183 2406 252 2472 fieri
275 2429 340 2473 non
362 2409 478 2492 potuit,
504 2407 582 2490 quin
606 2406 727 2489 Livius,
753 2409 944 2491 praesertim
969 2410 1024 2491 qui
1047 2409 1188 2475 iucunde
1212 2432 1251 2474 ac

184 2522 316 2581 venuste
340 2514 508 2580 scribendo
533 2514 677 2581 detinere
706 2517 802 2580 vellet
834 2516 1011 2599 legentium
1045 2519 1180 2598 animoa,
1217 2518 1250 2582 in

185 2623 361 2688 excolenda
393 2623 519 2687 dicendi
548 2622 653 2689 forma
692 2645 850 2688 summam
880 2631 1015 2707 poneret
1047 2623 1250 2691 industriam.

184 2729 274 2796 Raro
298 2731 382 2795 enim
406 2730 591 2814 simpliciter
618 2738 650 2796 et
674 2732 758 2796 nude
787 2753 837 2797 res
862 2739 968 2814 gestas
993 2734 1040 2796 ita
1063 2739 1184 2814 narrat,
1214 2741 1251 2797 ut

183 2839 410 2922 intellegantur
426 2845 561 2919 tantum,
587 2839 776 2922 plerumque
799 2841 844 2903 ita
861 2846 1005 2922 exornat,
1029 2847 1065 2903 ut
1088 2840 1248 2921 placeant.

184 2946 300 3030 Neque
324 2946 427 3011 solum
450 2946 662 3030 perspicuitas
697 2957 729 3012 et
753 2947 930 3013 sublimitas
965 2947 1120 3012 orationis
1154 2948 1187 3011 in
1212 2969 1250 3012 eo

184 3053 349 3120 laudanda
365 3061 422 3135 est,
440 3055 523 3117 mira
538 3053 722 3118 iucunditas
740 3054 1000 3137 clarissimusque
1018 3052 1150 3135 candor,
1168 3075 1250 3136 quae

185 3160 304 3225 diserto
328 3160 473 3242 agnoscit
491 3157 709 3243 Quintilianus
720 3159 755 3245 ¹),
781 3160 838 3225 sed
863 3162 960 3225 etiam
984 3162 1122 3225 maxime
1145 3163 1251 3227 lactea

183 3267 240 3332 illa
274 3266 416 3350 ubertas,
452 3289 549 3350 quam
584 3269 746 3333 velocitati
783 3275 814 3333 et
848 3267 997 3332 brevitati
1031 3267 1250 3334 Sallustianae

185 3372 400 3456 Quintilianus
429 3375 610 3460 opponit‚2)
658 3374 750 3458 Quae
779 3376 972 3460 perspicitur
1000 3398 1072 3440 cum
1100 3377 1132 3439 in
1156 3378 1250 3460 copia

184 3481 354 3546 verborum
378 3488 410 3545 et
434 3482 666 3547 sententiarum
690 3489 722 3547 et
745 3485 777 3547 in
794 3483 1009 3565 grammaticis
1026 3484 1180 3547 iuncturis
1204 3492 1250 3547 at-

186 3611 247 3672 que
270 3589 303 3652 in
326 3588 438 3671 figuris
463 3591 627 3671 orationis,
659 3590 745 3654 velut
769 3591 802 3653 iu
825 3590 1022 3675 pleonasmo,
1056 3593 1248 3674 synonymis,

184 3695 407 3781 polysyndeto,
433 3696 610 3782 anaphora,
635 3705 704 3762 tum
726 3699 758 3762 in
784 3697 925 3763 dilucida
940 3697 1106 3762 hominum
1129 3721 1250 3764 rerum-

185 3826 247 3887 que
271 3804 496 3889 descriptione.
542 3806 668 3889 Neque,
703 3829 742 3872 ex
766 3828 830 3889 qua
855 3812 927 3869 orta
959 3814 1008 3869 est
1042 3828 1081 3871 ea
1108 3807 1248 3889 ubertim,

185 3910 382 3977 admirabilis
415 3913 535 3995 ingenii
565 3920 622 3978 aut
649 3913 804 3979 orationis
839 3912 884 3977 vis
917 3933 1061 3994 unquam
1092 3913 1125 3977 iu
1157 3922 1248 3978 tanto

273 4160 295 4227 1)
316 4162 380 4216 inst.
401 4165 471 4216 orat.
489 4160 524 4231 X,
545 4164 570 4231 1,
592 4164 650 4216 101.

275 4248 296 4321 2)
317 4251 382 4306 inst.
402 4256 472 4306 orat.
492 4250 528 4321 X,
549 4255 571 4320 l,
591 4253 638 4325 325
658 4251 693 4308 cf.
713 4252 749 4307 ib.
770 4251 822 4322 IV,
841 4254 867 4323 2,
885 4253 928 4308 45.
