2880 5094
184 873 214 950 3,
241 873 292 951 58,
320 873 369 934 15.
396 868 536 948 11113,
563 874 614 950 67,
641 874 670 938 8,
698 868 748 949 15,
775 871 825 936 55.
856 870 904 936 19.
932 869 981 951 16,
1000 869 1052 942 29,
1079 863 1247 950 2,,161116ί
1300 888 1303 894 ·

185 984 217 1041 et
241 977 369 1058 ,vultus‘
399 974 486 1047 Ann,
514 977 542 1057 1,
570 980 597 1060 7,
623 980 674 1044 26,
701 979 730 1059 2,
755 977 807 1058 28,
835 979 862 1041 7.
889 978 938 1055 12,
965 978 1016 1058 36,
1043 975 1091 1042 14.
1119 977 1170 1056 15,
1195 975 1247 1055 61,

187 1088 237 1152 11,
270 1082 411 1167 ,flagitia‘
446 1089 478 1146 61
511 1081 676 1163 ,facinora‘
708 1081 795 1144 Ann.
831 1068 946 1164 3,'50,
979 1082 1008 1146 b.
1045 1083 1075 1164 6,
1100 1085 1128 1164 6,
1154 1084 1182 1147 5.
1206 1116 1247 1126 -

184 1191 339 1258 Videmus
372 1191 469 1273 igitur
501 1211 593 1253 usum
625 1186 806 1252 Tacitinum
838 1189 870 1251 in
904 1188 994 1252 libris
1017 1187 1174 1271 prioribus
1198 1208 1249 1251 ex-

184 1319 330 1381 pressum
357 1299 435 1362 satis
460 1296 630 1378 diligenter
653 1294 868 1378 separandum
893 1315 963 1359 esse
994 1294 1033 1358 ab
1058 1315 1104 1377 eo,
1139 1293 1250 1375 quiin

184 1404 274 1469 libris
298 1406 527 1487 posterioribus
561 1424 728 1487 expressus
763 1407 825 1490 est;
858 1409 1025 1485 praeterea
1049 1401 1173 1466 duobus
1197 1422 1249 1465 vo·
1283 1466 1286 1471 ⁴
1399 1390 1402 1395 ’

187 1511 309 1575 cabulis
334 1511 511 1575 coniunctis
529 1511 607 1576 satis
624 1510 775 1574 habuisse
792 1508 941 1575 Taciturn
959 1531 1063 1591 neque
1079 1508 1250 1590 protulisse

185 1618 435 1682 alitterationem
483 1618 516 1681 in
556 1617 654 1682 totius
695 1620 873 1682 sententiae
913 1617 1067 1681 ambitum
1106 1615 1251 1699 exempla

185 1726 401 1790 testificantur
425 1748 445 1789 a
467 1747 517 1789 me
541 1725 637 1789 modo
662 1724 769 1789 allata.
817 1724 966 1807 Denique
998 1724 1024 1788 si
1049 1723 1126 1806 quid
1149 1723 1250 1787 levius

186 1833 218 1895 in
243 1855 372 1897 censum
398 1853 556 1917 uocemue,
581 1853 786 1914 quascunque
803 1831 951 1896 notiones
972 1833 1005 1894 in
1022 1830 1250 1894 alhtteratione

188 1939 342 2020 adhibuit,
368 1960 423 2004 eas
449 1961 575 2022 semper
598 1938 665 2004 1616
688 1940 776 2003 varia
801 1938 942 2022 quadam
966 1939 1090 2002 ratione
1107 1938 1250 2026 coutinu-

186 2047 251 2109 avit
275 2047 422 2129 scriptor,
449 2054 485 2111 61
509 2054 566 2110 661
590 2047 721 2110 diversis
744 2047 824 2111 locis
849 2047 974 2129 singula
1001 2045 1132 2110 nomina
1155 2045 1250 2109 collo·

186 2161 354 2218 66161661
378 2154 511 2219 diversis
535 2153 702 2238 particulis
726 2154 902 2237 copularet.
928 2193 970 2202 —
1006 2155 1010 2161 ’

277 2260 347 2323 Iam
375 2269 411 2324 ut
440 2261 481 2324 ad
505 2260 631 2325 Livium
660 2268 775 2344 vertar,
804 2284 843 2326 ne
874 2262 901 2326 is
935 2260 1064 2344 quidem
1096 2259 1251 2324 abstinuit

187 2367 232 2431 eis
256 2368 421 2449 iuncturis,
448 2390 530 2449 quae
546 2369 579 2431 in
595 2368 776 2433 Tacitinam
794 2369 954 2451 quadrent
970 2367 1250 2453 consuetudinem;

186 2495 283 2556 saepe
307 2475 390 2537 enim
416 2495 485 2538 6611
510 2476 639 2540 exhibet
663 2477 935 2557 allitterationem,
971 2495 1053 2558 quae
1082 2473 1123 2537 ad
1147 2475 1250 2539 notio-

186 2603 262 2643 num
295 2581 533 2645 similitudinem
571 2589 706 2665 spectat,
743 2583 782 2646 61.
817 2581 1116 2646 Weissenbornium
1149 2581 1189 2645 ad
1219 2585 1249 2664 6,

187 2693 239 2769 22,
267 2690 295 2767 7,
332 2687 386 2750 6161
421 2689 453 2751 16
488 2695 579 2752 textu
612 2689 691 2753 haec
720 2690 882 2772 leguntur:
919 2695 1066 2770 vegetum
1089 2689 1252 2770 ingenium

186 2796 218 2858 16
254 2794 357 2859 vivido
398 2803 528 2885 pectore
567 2796 709 2878 uigebat,
750 2795 958 2879 virebatque‘.
1023 2795 1252 2878 Comparanda

187 2901 283 2964 ctiam
300 2908 383 2983 sunt,
403 2924 485 2985 quae
501 2904 603 2986 praef.
622 2908 662 2968 12
680 2911 822 2976 exstant:
840 2897 1043 2985 ,desiderium
1064 2925 1121 2986 per
1140 2903 1251 2968 luxum

189 3016 285 3089 atque
319 3007 481 3074 libidinem
515 3011 669 3095 pereundi
701 3011 921 3095 perdendique
946 3009 1071 3081 omnia‘,
1097 3012 1125 3090 2,
1151 3013 1204 3092 48,
1231 3016 1249 3075 2

188 3116 353 3196 ,sanguine
388 3138 426 3180 66
461 3117 596 3187 sudore‘,
632 3119 674 3189 ib,
706 3122 759 3199 49,
786 3122 805 3184 6
840 3118 896 3196 ,116
920 3116 1027 3198 fortes,
1052 3117 1098 3181 ire
1122 3117 1249 3189 felices‘.

188 3229 217 3304 9,
244 3229 295 3305 27,
321 3227 342 3286 4
367 3223 560 3307 ,Campanos
578 3228 727 3307 campos‘,
755 3225 804 3306 10,
823 3229 871 3306 19,
887 3227 906 3289 2
921 3223 1061 3307 ,61666111
1074 3223 1249 3290 Volumnio

187 3330 353 3412 obsistere,
385 3329 559 3395 obtestari‘.
597 3337 649 3411 21,
674 3336 727 3414 41,
756 3337 795 3396 18
821 3354 903 3414 ,cum
926 3331 1148 3413 indignatione
1173 3354 1250 3414 qua·

188 3436 261 3500 darn
295 3445 394 3520 atque
426 3438 495 3509 ira‘.
530 3443 581 3521 28,
615 3444 644 3520 2,
679 3445 697 3502 6
723 3439 849 3520 ,gladiis
874 3441 941 3522 geri
964 3461 1015 3504 res
1041 3446 1156 3520 coepta
1179 3442 1249 3510 est‘.

187 3548 238 3623 38,
266 3550 317 3624 38,
345 3549 384 3611 17
400 3546 478 3626 ,1616
492 3567 529 3608 66
541 3545 680 3611 iudicio‘.
706 3550 758 3631 41,
773 3551 824 3628 22,
842 3550 862 3610 4
877 3547 935 3628 ,ius
953 3545 1190 3629 iudiciumque‘.
1206 3584 1250 3594 -

186 3650 248 3717 Vel
284 3650 481 3732 significatur
517 3653 744 3718 alhtteratione
773 3655 977 3735 contrarium,
1007 3652 1093 3717 velut
1118 3658 1169 3735 21,
1197 3658 1249 3734 24,

185 3760 207 3822 4
240 3757 408 3841 ,hospitem
442 3762 523 3823 enirn
561 3781 595 3825 se
627 3758 769 3845 Galliae,
809 3783 872 3825 non
906 3760 1031 3824 hostem
1057 3760 1250 3845 advenisse,

187 3887 269 3945 quae
304 3866 459 3930 vocabula
488 3869 613 3950 saepius
642 3868 689 3931 ita
713 3867 927 3951 iunguntu1·,1)
974 3867 1119 3948 Longius
1144 3874 1250 3932 autem

186 3969 296 4033 Livius
321 3973 527 4054 progreditur
551 3974 779 4038 alhtteratione
803 3997 879 4040 usus
903 3974 937 4038 in
962 3975 1107 4039 oratioue
1137 3973 1251 4056 grandi

187 4083 283 4158 atque
318 4079 473 4162 sollemni,
510 4088 592 4145 teste
624 4079 934 4168 Weissenbornio2);
969 4103 995 4151 e.
1028 4102 1057 4163 g,
1094 4086 1121 4162 1,
1154 4086 1204 4162 16,
1231 4086 1249 4144 3

188 4183 314 4264 ,deinde
351 4206 370 4248 6
405 4188 516 4270 paucis
546 4189 636 4252 initio
669 4187 754 4251 facto
790 4187 885 4252 deum
909 4188 969 4254 deo
993 4195 1119 4268 natum,
1144 4209 1251 4270 regem

187 4299 419 4374 parentemque
454 4294 542 4357 urbis
567 4296 733 4360 Romanae
766 4280 889 4360 salvere
913 4296 1052 4362 universi
1077 4295 1251 4361 Romulum

258 4540 279 4610 ¹)
299 4541 334 4602 61,
354 4541 440 4596 Fabri
460 4543 495 4595 ad
514 4542 541 4596 h.
561 4544 580 4602 l,

259 4630 281 4700 2)
302 4633 330 4685 16
350 4633 445 4686 adnot.
466 4633 501 4685 ad
522 4636 544 4701 l,
568 4633 607 4702 16,
627 4633 652 4688 3.
