2880 5094
610 603 829 666 „71-

187 818 257 861 esse
281 819 319 861 ex
343 796 496 880 asyndeto
521 804 554 862 et
575 797 787 882 polysyndeto
810 797 905 862 variis
929 797 1098 880 particulis
1125 796 1251 882 effecto,

185 906 236 969 vix
273 903 404 987 dignum
441 911 498 986 est,
533 904 619 987 quod
655 925 912 976 commemorem,
970 904 1108 987 Fugisse
1143 911 1251 970 autem

185 1012 312 1076 videtur
336 1011 486 1095 Spittam,
519 1011 602 1076 hanc
627 1011 753 1076 dicendi
777 1012 1010 1096 proprietatem
1034 1012 1251 1095 compluribus

185 1120 263 1183 loeis
288 1118 400 1183 Tacito
435 1125 600 1201 acceptam
626 1140 704 1202 esse,
740 1139 877 1202 quorum
910 1119 1078 1183 nonnullos
1108 1137 1252 1203 appono:

185 1227 272 1297 Anu,
300 1233 349 1307 ll,
369 1231 458 1308 24,ss
485 1247 599 1308 ,neque
628 1225 711 1289 enim
734 1226 846 1307 ignoro
876 1226 977 1290 Iulios
1000 1226 1098 1311 Alba,
1128 1226 1251 1293 Oorun-

185 1335 293 1398 canios
318 1333 475 1411 Camerio,
500 1331 634 1397 Porcios
651 1331 801 1414 Tusculo,
827 1338 859 1396 et
882 1354 922 1396 ne
939 1339 1047 1397 vetera
1063 1340 1251 1417 scrutemur,

184 1440 317 1505 Etruria
340 1440 550 1522 Lucaniaque
578 1447 610 1503 et
634 1440 720 1503 omni
742 1439 840 1503 Italia
870 1441 902 1503 in
931 1448 1079 1504 senatum
1112 1442 1250 1524 accitos‘,

184 1548 239 1612 ubi
261 1547 453 1631 Nipperdeii
476 1546 657 1611 emendatio
683 1546 823 1628 ,ascitos‘
846 1567 1083 1628 supervacanea
1110 1547 1251 1635 videtur3
1282 1622 1285 1633 Ι

184 1677 257 1719 nam
283 1657 338 1738 qui
361 1657 491 1734 accitur,
521 1658 617 1720 etiam
645 1656 766 1719 ascitur
788 1656 821 1718 in
858 1662 1015 1723 senatum.
1072 1654 1251 1722 Praeterea

185 1785 222 1830 ex
257 1763 440 1844 regionibus
477 1763 517 1826 ab
553 1762 633 1826 urbe
668 1763 832 1844 aliquanto
868 1764 1095 1828 remotioribus
1129 1766 1252 1830 accitur

183 1871 289 1951 potius
315 1892 410 1952 quam
428 1871 546 1934 ascitur
563 1870 689 1952 aliquia,
728 1871 770 1939 ib.
788 1873 840 1954 35,
860 1875 898 1934 13
918 1869 1048 1951 ,Titium
1066 1871 1249 1953 Proculum,

184 1977 352 2040 custodem
377 2000 394 2041 a
420 1976 499 2042 Silio
524 1977 723 2042 Messalinae
748 1977 861 2041 datum
886 1985 917 2041 et
941 1978 1094 2042 indicium
1119 1977 1251 2043 offeren-

184 2093 257 2163 tem,
283 2086 427 2151 Vettium
445 2086 616 2152 Valentem
634 2084 815 2149 confessum
840 2082 1078 2171 etPompoium
1096 2086 1251 2152 Urbicum

184 2213 222 2255 ac
246 2191 410 2256 Saufeium
435 2192 597 2275 Trogum‘.
634 2196 697 2274 14,
721 2198 773 2273 26,
799 2196 838 2257 m
864 2192 960 2277 ,mille
984 2193 1160 2276 legionarii,
1186 2202 1250 2260 tres

183 2300 341 2362 sociorum
366 2301 515 2365 cohortes
539 2300 686 2382 duaeque
710 2300 852 2382 equitum
877 2301 958 2383 alae,
984 2308 1016 2365 et
1040 2323 1102 2384 quo
1126 2301 1251 2367 facilius

183 2427 298 2469 novum
322 2428 455 2487 regnum
480 2413 633 2490 tueretur,
664 2427 741 2490 pars
766 2405 951 2488 Armeniae,
982 2415 1018 2471 ut
1041 2409 1156 2490 cuique
1184 2407 1252 2472 fini·

183 2513 269 2597 tima,
296 2513 509 2578 Pharasmani
533 2513 768 2597 Polemonique
792 2521 824 2578 et
839 2513 1032 2580 Aristobulo
1058 2523 1157 2600 atque
1180 2516 1249 2580 Au-

183 2621 289 2684 tioelvo
314 2643 429 2704 parere
453 2622 560 2686 iussae
585 2626 685 2707 sunt‘;
713 2622 769 2685 ubi
792 2622 943 2687 Halmius
973 2624 1090 2687 iniuria
1121 2629 1250 2708 ,partes‘

183 2729 310 2811 scripsit
339 2750 398 2812 pro
422 2730 576 2794 vocabulo
608 2730 712 2812 ,pars‘.
730 2729 752 2814 1)
778 2767 820 2777 -
850 2728 923 2813 Qua
956 2752 995 2795 ex
1026 2751 1061 2820 re
1094 2732 1252 2813 colligitur

183 2858 246 2899 non
271 2837 374 2900 solum
395 2836 606 2920 polysyndeto
629 2837 818 2921 scriptorem
839 2838 1022 2917 indulsisse,
1048 2839 1134 2920 quod
1156 2839 1252 2903 variis

183 2944 275 3006 fieret
298 2944 474 3026 particulis,
501 2943 673 3010 sedetiam
697 2945 738 3008 ad
763 2951 890 3009 tanturn
905 2945 1091 3009 variationis
1108 2945 1251 3009 studium

183 3052 389 3135 processisse,
414 3059 450 3115 ut
473 3051 707 3135 polysyndeton
726 3051 806 3115 illud
831 3051 986 3135 asyndeto
1002 3053 1145 3132 miscere,
1162 3073 1252 3134 prae-

184 3159 292 3221 sertim
318 3159 350 3221 in
376 3159 503 3240 scriptis
526 3159 767 3243 posterioribus
792 3181 857 3223 non
882 3159 1046 3225 dubitaret
1059 3159 1095 3245 2).
1121 3197 1160 3205 -—

273 3264 365 3345 Quae
400 3289 471 3331 cum
505 3267 551 3330 ita
579 3268 652 3348 sint,
688 3288 791 3347 neme,
828 3268 950 3351 opinor,
986 3267 1117 3349 negabit
1150 3267 1255 3332 multo

185 3375 303 3438 vnaiore
328 3375 465 3438 audacia
490 3397 585 3457 quam
608 3373 735 3437 Livium
759 3374 800 3438 ad
824 3374 1059 3459 polysyndeton
1078 3377 1252 3440 accessisse

185 3481 340 3566 Tacitum,
374 3484 494 3567 quippe
526 3482 581 3565 qui
613 3481 694 3546 liber
718 3482 761 3546 sit
785 3482 971 3564 solutusque
996 3483 1104 3547 multis
1133 3483 1195 3546 illis
1220 3490 1253 3547 et

184 3590 263 3652 artis
288 3611 362 3653 usus
386 3590 512 3654 Liviani
535 3589 689 3659 terminis,
736 3589 853 3671 Neque
880 3610 955 3653 vero
980 3589 1041 3653 hac
1069 3592 1159 3655 inre
1184 3591 1252 3655 bre·

184 3698 290 3759 vitatis
316 3704 382 3761 tam
407 3696 572 3762 studiosus
597 3697 658 3760 fuit
683 3717 779 3778 quarn
795 3697 992 3777 variationis,
1019 3719 1101 3780 quae
1124 3700 1196 3782 ipsa
1219 3701 1252 3762 in

185 3825 329 3868 sermone
365 3804 511 3868 Tacitino
554 3810 642 3868 recte
686 3801 890 3868 diiudicando
938 3803 1025 3868 haud
1068 3808 1159 3890 parvi
1204 3815 1253 3871 est

185 3911 396 3976 aestimanda.
456 3911 528 3975 Iam
551 3912 649 3992 igitur
684 3911 734 3974 via
757 3911 849 3975 nobis
877 3917 980 3995 patet,
1019 3935 1082 3995 qua
1106 3913 1147 3977 ad
1171 3915 1252 3978 alias

186 4021 398 4102 proprietates
410 4025 621 4097 transeamus,
640 4017 705 4081 stili
721 4018 929 4082 variationem
947 4020 1041 4083 ctiam
1055 4021 1170 4085 clarius
1182 4023 1253 4086 sub·

185 4127 338 4210 tiliusque
349 4127 570 4210 exprimentes.
605 4124 716 4207 Atque
736 4131 810 4189 ante
826 4126 932 4189 omnia
946 4126 1115 4191 referenda
1128 4128 1191 4191 huc
1203 4136 1253 4193 est

258 4393 279 4462 1)
300 4394 333 4447 cf.
354 4393 519 4463 Nipperdeii
539 4395 632 4447 adnot.
654 4394 688 4446 ad
708 4394 734 4446 lu
754 4393 772 4447 l.

256 4482 278 4553 2)
300 4485 374 4552 quod
387 4483 495 4539 Wolffii
515 4485 671 4539 sententiae
692 4500 787 4538 rursus
813 4489 960 4559 repugnat,
989 4486 1023 4540 ef.
1047 4487 1140 4545 adnot.
1162 4504 1253 4547 mecm

184 4594 212 4647 p.
231 4578 274 4631 27.
