2880 5094
608 634 816 696 ..37-

183 829 377 922 1333ζ3331333
395 829 526 896 Tacitus
545 830 700 912 concedit,
727 852 809 913 quae
825 828 987 914 primariis
1008 828 1180 895 enuntiatis
1206 826 1254 894 vel

186 942 347 1024 praesenti
359 940 509 1023 tempori,
526 940 635 1021 itaque
647 939 772 1003 1333313
785 939 949 1023 exemplis,
968 944 1252 1021 333333333333133,

187 1047 367 1133 promiscue
390 1054 619 1131 proponentur
668 1044 734 1112 Sed
757 1068 797 1111 ne
822 1053 952 1129 qtuem
939 1045 1069 1111 taedeat
1056 1045 1254 1129 texcmplo-

187 1178 257 1221 rum
281 1156 401 1239 copiae,
433 1155 514 1218 haec
547 1153 723 1224 sufficiant:
696 1152 822 1236 ing
847 1152 1145 1238 26‚11¹),donec
1171 1151 1255 1236 pulsi

186 1262 260 1328 hos
247 1266 305 1327 es‘
331 1259 386 1347 (33
412 1263 511 1348 3331).
562 1260 1253 1345 18,21,133113133313133(131313333133

184 1369 286 1434 nandi
308 1369 476 1454 33331(33
502 1370 596 1452 3331).
646 1375 697 1444 29,
726 1369 928 1452 1433311133
953 1367 1051 1433 cruda
1084 1387 1122 1432 33
1145 1365 1256 1432 31313113

185 1480 344 1542 333331331
370 1475 425 1562 (33.
445 1477 537 1562 333).
586 1480 768 1558 31,141,31
791 1475 1010 1558 longinquitas
1035 1497 1072 1540 33
1096 1481 1255 1540 secretum
1309 1534 1312 1541 .

183 1585 292 1666 ipsum
317 1584 504 1666 3333131133
529 1582 586 1669 (33
612 1584 684 1669 331),
710 1583 966 1666 3333331331133.1
1012 1586 1065 1659 411,
1087 1588 1100 1646 1
1129 1582 1255 1664 ,siquis

185 1691 314 1776 piorum
345 1691 491 1755 manibus
524 1690 624 1755 133331
650 1689 708 1777 (33
734 1691 804 1775 331).
854 1687 895 1756 G
921 1693 972 1770 14,
999 1697 1017 1752 s
1043 1690 1256 1772 ,333133113-

188 1803 281 1881 grata
302 1799 390 1880 genti
415 1799 516 1880 quies‘
543 1797 598 1884 (33.
624 1797 696 1884 331.)
748 1802 875 1880 1943
857 1819 1004 1880 ,qnorum
1034 1819 1141 1881 poena
1164 1818 1256 1881 prae-

192 1926 265 1971 sens
288 1911 319 1971 st
341 1911 466 1969 3133113
490 1907 657 1989 permissa‘
692 1906 748 1989 (33
784 1905 856 1991 331.)
904 1905 1000 1986 20,9
1036 1904 1132 1985 ,idem
1168 1902 1256 1988 apud

190 2012 380 2077 avunculum
395 2013 449 2094 qui
467 2012 552 2096 apud
566 2020 690 2096 patrem
708 2012 822 2078 honor‘
840 2010 982 2099 (33331).
1006 2010 1050 2080 ib.
1066 2013 1106 2078 15
1123 2018 1254 2094 ,quanto

186 2121 261 2205 plus
284 2121 549 2205 propinquorum,
576 2128 696 2203 quanto
713 2122 817 2186 maior
834 2120 987 2186 adfinium
1011 2123 1172 2184 numerus‘
1197 2125 1255 2204 (sc.

187 2227 259 2315 est).
299 2231 358 2308 44,
379 2232 420 2291 10
445 2234 491 2309 ,31
515 2229 546 2290 13
565 2227 758 2310 quibusdam
775 2226 952 2291 fluminum‘
976 2227 1032 2313 (33.
1052 2227 1124 2312 331),
1164 2227 1254 2307 4137

186 2335 317 2419 ,quibus
348 2335 430 2400 ritus
463 2334 555 2399 babit
542 2341 658 2417 tusque
684 2322 876 2415 Sueborum,
908 2334 1019 2417 lingua
1047 2335 1119 2399 Brit
1106 2335 1256 2399 13331333

184 2443 328 2526 propior‘
352 2442 409 2528 (33
434 2442 566 2526 est)-
583 2441 676 2524 Quae
701 2465 773 2507 cum
798 2444 877 2506 33113
894 2444 996 2506 mult
1020 2444 1084 2507 31111
1101 2442 1199 2508 etiam
1222 2442 1256 2505 13

186 2549 292 2633 script
293 2548 321 2613 13
336 2549 550 2628 minoribus,
542 2572 574 2613 1n
592 2550 708 2631 quibus
725 2548 867 2613 nondum
884 2549 1007 2632 perfect
1009 2571 1027 2612 o
1045 2549 1257 2632 omnibusque

187 2656 331 2721 numeris
355 2655 503 2721 absoluto
529 2656 602 2720 stilo
627 2657 783 2721 excellcre
800 2657 948 2721 Tacitum
971 2657 1032 2720 viri
1055 2656 1142 2721 docti
1166 2657 1257 2721 multi

191 2763 442 2848 ostenderunt2),
478 2785 516 2827 cx
539 2763 694 2828 Historiis
728 2785 856 2846 qnoque
889 2770 921 2828 31
943 2763 1136 2845 Annalibus,
1175 2785 1257 2846 quae

192 2870 258 2935 eius
268 2871 390 2953 generis
402 2871 554 2955 exemplis
565 2872 661 2955 plane
674 2870 848 2951 abundent,
863 2892 968 2956 pauca
976 2871 1071 2935 liceat
1081 2893 1254 2955 apponere.

190 2976 349 3062 Exempla
373 2984 482 3042 autem
507 2978 710 3061 supradicta
732 2979 796 3042 iam
820 2978 916 3042 credo
934 2978 1081 3044 docuisse
1106 2978 1152 3065 (id
1170 2978 1256 3061 qnod

188 3084 314 3167 reliqna
338 3085 434 3149 3113111
459 3085 577 3149 3133133
594 3084 778 3170 docebunt),
804 3084 952 3150 Tacitum
968 3087 1053 3151 intra
1075 3086 1154 3150 fines
1178 3108 1256 3151 usus

185 3190 324 3272 Liviani,
348 3214 553 3276 nequaquam
578 3213 612 3258 se
630 3193 817 3257 coercuisse
865 3193 951 3258 Nam
974 3216 1016 3259 ne
1039 3215 1103 3258 uno
1129 3191 1257 3275 quidem

187 3336 399 3345 ——w—

257 3368 279 3437 1)
306 3369 444 3440 Exempla
473 3391 488 3426 3
513 3371 643 3426 Τ331111
633 3373 713 3426 libris
733 3376 775 3425 311
763 3373 816 3426 1311
836 3371 944 3425 Halmii
973 3371 1125 3426 editionem
1145 3375 1256 3425 secutus

188 3463 328 3528 quartam.

258 3545 279 3619 1)
309 3549 414 3618 optime
432 3550 615 3604 Woelfflinus
647 3552 676 3603 in
695 3551 796 3605 Philol.
816 3551 909 3620 XXV,
938 3571 965 3620 p.
985 3551 1027 3620 96,
1059 3551 1093 3604 97
1105 3569 1162 3619 sqq.
1191 3550 1257 3604 Ete-

188 3637 248 3690 nim
267 3638 292 3691 si
311 3637 458 3692 Woelsfius
479 3641 519 3709 (in
542 3641 777 3694 commentatione
801 3642 835 3694 de
853 3641 951 3709 lingua
970 3640 1061 3693 Taciti
1087 3639 1256 3708 conscripta)

189 3727 336 3781 contendit
367 3733 451 3796 atque
480 3730 672 3783 demonstrare
702 3734 819 3783 conatur
846 3731 944 3797 multa,
974 3747 1045 3797 33333
1074 3729 1256 3783 Woelfflinus

187 3813 317 3870 Tsoitino
346 3817 458 3872 dicendi
485 3821 583 3888 generi
611 3821 727 3888 tribuat,
756 3824 805 3873 ant
833 3820 947 3873 omnino
975 3837 1031 3871 non
1060 3820 1182 3873 inveniri
1212 3819 1256 3873 vel

186 3905 271 3959 nimis
291 3908 418 3974 quaesita
437 3908 528 3962 videri
548 3913 597 3963 331
615 3913 718 3962 natura
737 3926 854 3977 opernm
867 3909 1013 3976 declarari,
1032 3909 1169 3961 nonnulla
1183 3909 1257 3962 hand

186 3995 330 4049 immerito
349 4002 448 4051 contra
466 3997 664 4052 Woelfflinnm
692 3999 836 4066 disputata
861 3998 1002 4066 videntur,
1031 3999 1060 4051 id
1079 3999 1153 4066 quod
1173 3999 1258 4051 etiam

186 4086 319 4154 exempla
338 4087 475 4154 quaedam
494 4106 510 4142 a
530 4089 674 4142 1333311313
692 4087 849 4140 adfirmant.
886 4086 984 4155 Neque
998 4093 1092 4140 tamen
1106 4087 1256 4141 Woelffius

186 4173 246 4242 ipse
266 4180 352 4244 negat
371 4176 482 4230 dicendi
501 4195 590 4247 genus
603 4177 763 4231 Tacitinum
782 4178 931 4246 paullatim
949 4178 1053 4230 mutari
1074 4177 1103 4230 in
1122 4181 1256 4231 contextu

187 4279 303 4332 operum
322 4265 512 4335 linguamque,
532 4267 699 4336 praesertim
718 4268 747 4320 in
761 4267 927 4336 Annalibus,
948 4268 1093 4335 aliquanto
1113 4267 1257 4335 exquisiti·

187 4369 264 4407 orem
283 4355 411 4424 evadere,
432 4373 486 4424 qna
505 4374 569 4410 cum
588 4356 729 4409 sententia
752 4356 876 4424 plurima
895 4356 1010 4425 faciunt,
1038 4375 1109 4426 quae
1128 4358 1258 4426 equidem

188 4444 312 4512 repperi.
348 4444 450 4513 ltaque
479 4447 606 4515 quamvis
634 4446 664 4498 in
695 4446 812 4514 singulis
842 4447 1010 4515 quibusdam
1037 4448 1121 4502 rebus
1150 4466 1257 4502 errasse

186 4530 383 4588 Woellilinum
412 4535 498 4589 statui
526 4535 627 4605 possit,
657 4539 751 4589 tamen
786 4535 816 4590 in
845 4537 1008 4592 universum
1033 4543 1109 4593 recte
1137 4538 1258 4594 eundem

186 4620 325 4678 indicasse
343 4624 481 4681 existimo.
