2880 5094
656 261 877 328 -52-1·

232 458 367 526 bachius
391 458 600 545 intellegeret,
625 459 740 524 deinde
764 480 835 524 cum
860 457 981 524 diceret
1004 455 1298 540 Naegelsbachium

233 566 302 632 eius
325 587 418 631 usum
430 566 574 649 proferre
587 568 688 632 etiam
701 567 743 632 ad
756 567 979 652 repetitionem
993 563 1137 630 eiusdem
1150 564 1299 630 vocabuli

234 674 465 738 sententiarum
489 672 580 739 initio
597 673 724 758 factam,
750 674 837 757 quod
853 674 1028 738 insolenter
1043 671 1165 736 factum
1182 670 1298 736 Ianum

236 778 457 864 ostendisse1)
503 778 553 844 At
577 781 717 845 ostendit
732 781 833 845 Ianus
857 780 1032 844 insolenter
1049 785 1204 843 statutam
1230 798 1301 844 esse

234 910 307 952 eam
330 887 453 970 figurae
477 888 548 978 vim,
574 909 656 970 quae
677 889 710 951 in
727 888 888 970 aequabili
905 887 1010 952 totius
1022 887 1191 952 verborum
1209 885 1302 950 seriei

234 995 445 1060 collocatione
469 996 524 1074 sit,
550 1017 645 1078 quam
668 995 771 1078 ipsam
794 995 944 1078 probavit
967 992 1192 1059 Kuehnastius
1215 991 1302 1057 Nae-

235 1101 422 1185 gelsbachio
446 1108 584 1173 auctore.
624 1101 690 1168 Sed
702 1101 788 1167 huno
805 1124 944 1168 errorem
961 1105 1039 1169 satis
1058 1109 1108 1168 est
1124 1103 1301 1181 notavisse3

236 1215 379 1274 ceterum
404 1208 627 1275 Kuehnastius
660 1232 721 1274 usu
753 1210 863 1275 tritam
895 1210 1018 1293 figurae
1049 1210 1214 1274 notionem
1237 1229 1302 1273 non

237 1317 338 1401 reicit,
363 1316 506 1400 appellat
530 1324 637 1381 autem
660 1318 872 1388 iterationem.
912 1317 1030 1401 Neque
1053 1338 1128 1382 vero
1146 1316 1186 1381 de
1202 1317 1302 1381 nomi·

235 1423 327 1488 nibus
351 1422 579 1508 disceptamus,
603 1426 775 1489 transimus
801 1425 941 1490 adrem.

325 1530 376 1595 Ac
408 1531 518 1596 statim
550 1532 650 1596 multo
683 1532 805 1596 maiore
840 1553 912 1595 oum
936 1530 1044 1596 studio
1069 1535 1168 1612 atque
1193 1551 1303 1595 amore

235 1637 437 1723 anaphoram
477 1637 605 1703 Livium
644 1638 796 1723 amplecti
834 1660 930 1721 quam
965 1637 1115 1702 Tacitum
1151 1636 1304 1702 facillime

236 1745 414 1829 apparebit,
439 1765 511 1808 cum
535 1744 677 1826 singulas
703 1744 859 1827 quasdam
883 1752 992 1830 partes
1018 1766 1057 1808 ex
1074 1766 1184 1809 eorum
1201 1745 1304 1827 operi·

234 1851 294 1916 bus
320 1853 456 1917 selectas
489 1852 572 1916 inter
596 1872 630 1916 se
655 1852 892 1917 contulerimus.
944 1851 1049 1935 Quam
1075 1851 1116 1917 ad
1140 1873 1208 1917 rem
1232 1871 1305 1934 per·

235 1958 402 2024 ficiendam
432 1980 502 2022 oum
526 1959 643 2023 librum
668 1961 804 2043 primum
821 1959 1040 2025 Historiarum
1056 1959 1162 2024 Facio
1187 1959 1305 2041 eligere

235 2066 401 2148 vellemus,
420 2067 533 2150 quibus
550 2068 687 2152 primum
705 2066 747 2131 ad
765 2089 814 2131 res
837 2066 1022 2132 scribendas
1039 2087 1112 2130 vere
1133 2087 1305 2149 aggressus

237 2178 286 2237 est
321 2171 372 2258 (ut
404 2172 444 2237 de
471 2173 627 2256 Agricola
665 2180 840 2258 taceamus,
878 2175 932 2258 qui
971 2196 1035 2258 quo
1070 2181 1203 2257 spectet,
1245 2174 1306 2238 viri

237 2278 413 2345 doctissimi
448 2281 629 2346 etiamnunc
654 2280 831 2368 dubitant):
865 2281 927 2345 hoo
961 2302 1026 2346 non
1059 2280 1203 2364 fecimus,
1229 2281 1307 2363 quia

236 2387 321 2452 Livii
354 2388 435 2453 liber
467 2389 605 2474 primus,
639 2388 768 2453 saecula
798 2388 949 2453 conditae
981 2386 1071 2451 urbis
1098 2386 1203 2470 prima
1232 2408 1306 2451 oum

236 2494 355 2579 mythis
380 2494 565 2579 fabulisque
588 2495 699 2560 multis
723 2493 874 2578 referens
899 2501 1003 2558 artem
1027 2493 1188 2577 poeticam
1212 2493 1307 2558 nimis

237 2600 371 2669 redolet.
434 2601 652 2666 Praetulimus
702 2601 818 2666 librum
866 2600 1005 2664 alterum
1046 2596 1152 2680 Livii,
1200 2598 1308 2665 Taciti

237 2709 460 2774 Historiarum
484 2708 632 2791 alterum,
658 2709 713 2791 qui
737 2729 845 2773 rerum
869 2708 1072 2772 enarratione
1096 2708 1198 2790 magis
1222 2708 1309 2772 inter

238 2836 273 2880 se
297 2815 515 2898 consentiant,
540 2817 683 2881 continet
706 2816 789 2880 enim
821 2815 873 2880 hic
901 2814 986 2878 bella
1008 2814 1211 2897 potissimum
1235 2835 1308 2879 oum

237 2923 382 2988 finitimis
415 2922 564 3005 gentibus
598 2929 691 3005 gesta
722 2924 890 3006 primaque
923 2920 1043 2986 liberae
1078 2922 1125 2984 rei
1159 2921 1308 3006 publicae

237 3031 401 3111 instituta,
437 3029 491 3094 ille
533 3030 652 3095 bellum
693 3028 951 3095 Othonianorum
985 3026 1308 3113 Vitellianorumque,

237 3139 331 3203 initia
364 3137 440 3202 belli
473 3137 633 3221 Flaviani,
670 3142 789 3201 statum
823 3135 960 3200 civitatis
992 3155 1012 3198 a
1045 3134 1176 3202 Vitellio
1208 3135 1309 3201 admi·

237 3246 403 3311 nistratae.
451 3244 682 3331 Deprehendis
705 3245 803 3326 igitur
826 3242 1026 3325 anaphoram

326 3352 360 3416 in
376 3351 469 3418 Livio
495 3357 614 3437 2,1,8
640 3352 759 3433 ,omnia
789 3389 820 3397 -
851 3351 976 3415 omnia‘.
1025 3352 1092 3434 2,6
1115 3351 1249 3434 ,regium
1266 3388 1310 3400 —

240 3458 386 3542 regium‘.
432 3459 474 3524 ib.
502 3459 545 3542 ,id
569 3500 611 3510 -
635 3458 689 3523 id‘.
738 3463 805 3540 3,3
832 3458 897 3540 ,ubi
919 3495 963 3505 -
987 3456 1073 3521 ubi‘.'
1102 3457 1144 3522 ib.
1169 3478 1309 3544 ,esse-

240 3570 330 3632 esse‘.
372 3566 415 3631 ib.
443 3572 461 3632 5
486 3565 627 3651 ,reddita
649 3565 726 3631 belli
743 3603 781 3613 —-
801 3564 930 3630 reddita
945 3564 1041 3629 belli‘.
1079 3569 1108 3647 ὅ,
1129 3569 1145 3629 1
1170 3572 1311 3650 ,vetuere

240 3713 283 3722 -
301 3677 452 3740 vetuere‘.
478 3681 509 3757 9,
525 3674 645 3759 3,nihil
659 3712 702 3721 —
719 3671 816 3736 nihil‘.
846 3678 895 3755 12,
912 3677 950 3737 ll
966 3673 1152 3753 ,nullam—
1163 3674 1309 3743 nullum‘.

241 3785 294 3864 23,
313 3786 332 3845 5
351 3780 448 3863 ,unde
465 3821 506 3830 -
523 3781 629 3848 unde‘.
656 3783 709 3864 24,
728 3787 747 3846 2
763 3787 883 3865 ,patres
896 3818 933 3826 -
949 3784 1080 3863 patres‘.
1107 3784 1158 3863 32,
1172 3786 1191 3844 9
1207 3803 1311 3866 ‚suum

239 3926 283 3935 —
299 3890 395 3954 suus‘.
419 3889 461 3953 ib.
486 3910 556 3973 ,sua
575 3927 612 3936 -
632 3890 709 3959 suo‘.
736 3892 786 3972 34,
805 3893 823 3953 9
848 3909 914 3972 ,cur
933 3925 969 3934 —
990 3888 1065 3952 cnr‘.
1085 3892 1157 3972 35,1
1176 3889 1248 3973 ‚nisi
1266 3927 1312 3937 -

238 3996 318 4060 nisi‘.
338 3994 380 4066 ib.
402 3999 421 4060 2
443 4017 488 4081 ,se
508 4033 544 4043 -
569 3996 621 4061 se‘.
640 3996 682 4061 ih.
705 4000 723 4060 5
741 4018 851 4079 ‚unum
872 4033 916 4043 -
932 3996 1049 4060 unum‘.
1070 4002 1121 4079 38,
1139 3999 1160 4063 3
1175 4002 1311 4081 ,vestras

241 4139 278 4147 -
299 4103 440 4173 vestros‘.
458 4106 515 4187 44,
538 4108 556 4168 9
578 4124 664 4186 ,suos
682 4141 722 4151 -
741 4103 819 4168 sua‘.
842 4107 895 4188 45,
920 4107 935 4167 l
963 4123 1049 4187 ,suas
1066 4139 1106 4151 -
1127 4103 1203 4169 sua‘.
1224 4102 1267 4168 ib.
1289 4107 1309 4169 5

313 4261 335 4331 ¹)
354 4263 388 4318 de
408 4268 480 4334 synt.
500 4263 563 4319 Isiv·
583 4281 611 4334 p.
631 4263 693 4318 317.
