2880 5094
609 283 827 354 „33.-

184 486 307 552 levetur
331 485 450 571 ellipsis
487 487 726 571 praepositione
752 487 827 572 ,ad‘,
852 508 935 570 quae
959 489 1071 553 statim
1095 488 1254 571 seqnitur.

183 595 273 668 Hist
310 601 339 677 3,
377 599 429 680 84,
468 599 509 661 18
544 596 752 679 ,Aventinum
783 597 817 658 in
850 596 981 660 domum
1005 595 1113 660 uxoris
1138 596 1256 661 sellula

184 699 337 767 defertur‘
394 724 499 787 neque
555 711 661 768 terrae
718 724 821 787 neque
868 702 971 785 gentis
1017 724 1132 768 nomen
1179 723 1257 787 pro·

182 811 296 895 prium,
340 810 396 875 sed
435 813 552 876 montis
593 811 775 895 legentibus
815 812 905 876 nobis
940 811 1086 876 occurrit.
1144 807 1256 893 Quare

184 918 345 1000 glossema
368 917 449 982 illud
473 940 544 984 esse
569 919 731 984 existimat
754 941 826 983 cum
850 916 978 982 Rittero
1003 924 1035 982 et
1050 917 1255 1002 Nipperdeio

183 1027 332 1091 Heraeus
368 1025 506 1111 ideoque
542 1028 631 1092 uncis
655 1028 793 1111 inclusit,
819 1048 898 1109 quos
923 1027 1021 1091 etiam
1043 1026 1197 1091 Halmius
1220 1026 1255 1090 in

185 1131 326 1197 editione
351 1141 466 1216 quarta
491 1134 633 1214 addidit;
670 1133 757 1217 quod
791 1156 862 1199 cum
888 1134 1017 1216 colligat
1041 1132 1191 1198 Heraeus
1215 1155 1256 1198 ex

183 1242 424 1323 praepositione
446 1244 507 1326 ‚in‘,
533 1264 617 1325 quae
634 1241 763 1307 deficiat
779 1241 841 1306 hoc
857 1241 937 1326 loco,
964 1263 1159 1325 quamquam
1180 1262 1254 1327 per-

184 1349 367 1413 necessaria
391 1349 442 1431 sit,
467 1349 546 1413 mihi
570 1372 636 1414 non
660 1357 747 1414 recte
771 1349 897 1413 videtur
912 1349 1083 1418 iudicasse.
1119 1348 1253 1414 Etenim

184 1455 210 1519 si
236 1477 333 1539 supra
356 1457 444 1522 Anu.
472 1461 521 1541 12,
558 1462 609 1541 51,
646 1462 683 1520 11
719 1457 796 1521 licet
830 1456 935 1521 omitti
967 1457 1253 1540 praepositionem,

183 1563 214 1626 h.
239 1563 260 1628 l.
285 1546 365 1628 nihil
390 1571 447 1649 est,
479 1586 535 1629 our
568 1572 717 1646 ponatur,
751 1565 943 1647 praesertim
969 1586 1040 1628 cum
1065 1564 1253 1648 Aventinus

183 1668 272 1733 urbis
295 1692 382 1753 pars,
417 1671 459 1735 ad
484 1670 727 1736 similitudinem
752 1670 914 1755 quandam
938 1672 1102 1735 nominum
1125 1671 1254 1749 urbium

184 1776 329 1850 accedat.
353 1817 397 1826 -

273 1885 452 1968 Hucusque
498 1908 567 1950 eam
603 1884 742 1948 tractavi
775 1883 903 1949 dicendi
932 1885 1133 1969 brevitatem,
1170 1907 1254 1968 quae

185 1991 355 2056 verborum
391 1992 486 2057 modo
522 1999 719 2057 structuram
744 1993 1004 2075 comprehendit:
1037 1999 1193 2075 superest,
1219 1999 1255 2057 ut

186 2099 226 2164 de
251 2121 290 2163 ea
313 2098 480 2183 disseram,
517 2121 601 2185 quae
625 2099 772 2182 procedit
794 2101 921 2183 longius
947 2098 1254 2185 comprehenditque

183 2213 382 2287 structuram
432 2209 674 2272 sententiarum.
739 2207 840 2272 Cuius
883 2230 1002 2290 genera
1040 2207 1143 2272 multa
1182 2227 1254 2272 esse

184 2335 380 2396 quamquam
423 2315 572 2399 equidem
606 2317 686 2390 scio,
720 2322 828 2379 tamen
863 2316 915 2378 hic
957 2315 1095 2379 duorum
1126 2321 1255 2379 tanturn

183 2423 341 2486 rationem
380 2423 501 2487 habere
540 2423 617 2486 mihi
657 2428 780 2487 certum
819 2427 880 2505 est,
921 2428 953 2485 et
986 2420 1188 2506 parenthesis
1222 2426 1255 2486 et

183 2528 421 2612 brachylogiae,
441 2552 524 2612 quae
541 2529 690 2594 dicuntur
707 2551 726 2593 a
743 2530 970 2612 grammaticis.
1011 2530 1119 2593 Erunt
1135 2533 1254 2613 autem,

184 2637 246 2702 nisi
269 2636 374 2721 fallor,
400 2638 454 2719 qui
469 2638 626 2702 mirentur
642 2637 682 2701 de
698 2638 883 2722 parenthesi
901 2659 952 2702 me
965 2639 1116 2720 cogitare,
1135 2637 1256 2722 quippe

115 2828 117 2833 Ι
185 2767 269 2828 quae
307 2767 373 2811 non
412 2752 479 2810 tam
518 2745 686 2810 brevitatis
722 2745 850 2809 dicendi
890 2746 932 2810 sit
966 2767 1061 2828 quam
1096 2744 1255 2825 incuriae,

185 2853 287 2916 oritur
312 2853 396 2916 enim
420 2851 634 2936 parenthesis,
667 2853 694 2916 si
719 2851 805 2935 quod
830 2854 1031 2916 enuntiatum
1055 2854 1121 2916 iarn
1144 2851 1256 2916 incho-

187 2967 277 3026 atunr
301 2981 384 3024 nova
408 2959 549 3042 quadam
574 2961 735 3024 sententia
750 2960 910 3045 inciditur,
937 2982 999 3043 qua
1016 2959 1108 3024 finita
1125 2958 1255 3023 demum

184 3068 404 3151 continuatur,
439 3069 629 3152 plerumque
666 3069 729 3131 alia
752 3069 878 3131 ratione
910 3089 949 3132 ac
972 3090 1036 3150 qua
1068 3066 1255 3132 inchoatum

185 3173 254 3244 fuit,
312 3173 376 3239 Sed
411 3173 498 3238 haud
537 3176 584 3238 ita
615 3196 690 3238 raro
724 3175 851 3256 accidit,
885 3184 920 3239 ut
954 3173 1156 3258 parenthesis
1189 3195 1255 3238 non

184 3282 281 3366 plena
307 3282 348 3347 sit
372 3283 543 3364 sententia,
577 3283 634 3347 sed
659 3283 847 3347 circumcisa
871 3283 980 3365 aliqua
1003 3304 1042 3347 ex
1065 3288 1158 3364 parte
1183 3281 1255 3345 aliis

185 3390 361 3455 enuntiatis
386 3391 620 3474 interponatur,
656 3391 754 3455 Hanc
777 3392 882 3474 ipsam
906 3392 1146 3475 proprietatem,
1172 3408 1255 3470 quae

183 3499 372 3580 praesertim
407 3497 495 3582 apud
529 3497 677 3563 Tacitum
710 3498 840 3566 maximi
873 3499 1026 3562 momenti
1057 3503 1122 3578 est,
1147 3503 1184 3560 ut
1206 3496 1254 3558 in·

184 3605 317 3669 lustrem
352 3607 593 3690 explanemque,
628 3627 693 3688 qua
724 3607 849 3671 ratione
883 3627 902 3669 a
935 3605 1130 3689 parenthesi,
1172 3623 1255 3685 quac

184 3713 315 3795 proprie
340 3712 478 3798 dicatur,
505 3714 652 3798 profecta
675 3714 727 3794 sit,
752 3713 836 3778 hanc
860 3713 1080 3795 quaestionem
1105 3713 1207 3794 attigi.

591 3893 841 3974 Parenthesis

273 4035 372 4118 igitur
411 4055 508 4117 saepe
547 4042 723 4119 usurpatur
764 4042 796 4098 et
830 4058 850 4100 a
881 4034 996 4100 Tacito
1034 4042 1066 4100 et
1098 4057 1118 4098 a
1151 4032 1253 4119 hiric,

183 4163 288 4225 neque
320 4164 395 4207 vero
430 4141 551 4207 eisdem
583 4142 701 4207 finibus
734 4142 775 4207 ab
809 4151 947 4227 utroque
971 4141 1252 4208 circumscribitur.

184 4250 230 4316 Et
269 4251 379 4317 statim
420 4249 614 4315 monendum
654 4259 702 4316 est
741 4249 828 4337 apud
866 4250 993 4316 Livium
1032 4249 1254 4335 parenthesim
