2880 5094
608 608 828 670 ...59..

188 809 238 890 24,
257 810 285 890 2,
304 812 340 881 2;
377 804 538 869 interdum
572 803 732 888 particula
760 804 878 886 ,porro‘
908 800 1137 886 amplificatae,
1170 782 1257 867 velut

187 920 216 996 9,
236 919 265 995 2,
284 918 303 980 8
327 914 384 997 ,111
406 933 504 995 porro
528 914 664 995 pergas‘,
691 910 730 980 of.
755 913 806 994 21,
824 915 875 994 22,
894 916 922 974 9.

276 1019 349 1084 lam
383 1027 420 1084 ut
453 1019 492 1084 de
517 1018 630 1084 Tacito
664 1017 845 1100 videamuS,
883 1017 912 1082 is
946 1037 1110 1100 perpauca
1134 1036 1255 1098 eorum,

187 1149 270 1210 quae
292 1126 376 1191 Livii
409 1126 543 1210 propria
578 1133 662 1206 sunt,
699 1125 848 1209 praebet,
882 1123 970 1206 nihil,
1005 1122 1092 1206 quod
1127 1145 1257 1207 progre-

186 1234 292 1298 diatur
307 1235 393 1298 ultra
408 1233 487 1298 fines
505 1232 744 1299 consuetudinis
761 1231 925 1297 Livianae.
970 1231 1017 1296 Et
1033 1230 1256 1296 adverbiorum

187 1341 316 1423 quidem
340 1341 444 1405 verbis
469 1339 656 1405 additorum
690 1361 727 1404 ea
751 1340 889 1404 maxime
913 1337 1008 1422 fovet,
1039 1360 1122 1422 quae
1153 1337 1257 1404 decla·

185 1456 259 1513 rant
282 1450 393 1513 crebro
428 1447 550 1531 aliquid
578 1448 657 1528 fieri,
698 1446 972 1513 substantivorum
1003 1468 1048 1522 ca,
1081 1445 1257 1528 inquibus

185 1558 232 1620 vis
256 1555 429 1639 incipiendi
453 1557 546 1619 inest.
584 1553 660 1620 ised
693 1561 869 1637 antequam
905 1553 946 1618 ad
980 1553 1109 1634 singula
1140 1565 1256 1652 vertar,

186 1662 382 1726 monendum
419 1661 495 1725 mihi
531 1670 592 1746 est,
626 1661 688 1727 hac
723 1662 755 1725 in
791 1683 826 1725 re
868 1661 1097 1726 historicorum
1130 1667 1258 1725 tantum

186 1768 291 1833 Taciti
313 1769 469 1833 librorum
497 1771 657 1834 rationem
685 1791 736 1833 me
760 1768 925 1848 habuisse,
961 1765 1139 1833 Germania
1162 1769 1256 1850 enim,

184 1875 313 1940 libellus
323 1876 376 1939 ille
389 1877 549 1941 rhetorico
564 1883 680 1941 ornatu
693 1875 876 1958 splendens,
890 1876 1089 1958 pleonasmis
1103 1875 1255 1957 abundat,

184 1989 222 2047 ut
238 1984 388 2048 Halmius
412 1984 663 2049 luculentissime
681 1983 917 2048 demonstravit
934 1983 969 2068 ¹).
1015 1983 1125 2047 Facile
1150 1991 1256 2047 autem

185 2090 417 2172 unusquisque,
452 2090 558 2174 oredo,
593 2091 892 2156 concedetminimi
926 2110 996 2156 osse
1024 2089 1143 2155 librum
1167 2090 1257 2154 illum

185 2197 217 2261 in
242 2198 467 2287 comparandis
502 2199 711 2283 scriptoribus
747 2197 920 2281 historicis,
956 2219 1031 2262 nam
1058 2197 1163 2280 ipsum
1188 2197 1257 2261 eius

185 2305 353 2369 consilium
377 2306 572 2370 rhetoricum
597 2327 667 2371 esse
693 2327 801 2370 omnes
832 2305 900 2369 fere
924 2305 983 2369 viri
1014 2303 1101 2369 docti
1126 2325 1257 2369 eonsen-

188 2413 287 2492 tiunt;
322 2413 357 2475 id
382 2414 469 2494 quod
493 2416 561 2477 sine
585 2412 683 2478 dubio
708 2414 924 2498 probabimus,
958 2413 984 2476 si
1011 2413 1045 2476 in
1069 2412 1281 2476 memoriam,

184 2522 445 2601 revocaverimus,
487 2543 526 2584 ne
561 2521 667 2604 ipsum
706 2521 835 2602 quidem
872 2519 1020 2583 Tacitum
1061 2517 1256 2583 Germaniae

184 2628 377 2691 mentionem
403 2628 524 2709 fecisse,
542 2649 644 2716 ‚oum,
676 2649 758 2711 qnae
782 2627 955 2692 historicus
980 2627 1154 2710 statuisset,
1183 2627 1257 2690 scri-

187 2733 271 2813 bere,
310 2734 507 2816 signifioaret
538 2733 603 2816 Ag.
629 2737 711 2805 13,
764 2735 804 2799 In
839 2733 929 2797 libris
962 2735 1060 2816 igitur
1094 2734 1257 2799 historicis

185 2839 268 2905 haec
296 2841 362 2906 fere
387 2842 534 2925 exempla
558 2849 647 2912 sunt:
681 2841 769 2907 Ann.
797 2847 846 2924 12,
870 2847 899 2922 3,
923 2847 942 2905 2
968 2839 1134 2922 ,crebro
1158 2843 1257 2905 renti-

185 2950 302 3018 tando‘.
363 2952 412 3033 14,
448 2955 546 3032 52,ss
583 2949 803 3034 ,crebrius
839 2947 1007 3018 factitare‘.
1071 2950 1120 3032 15,
1151 2954 1201 3033 52,
1236 2952 1255 3016 3

184 3055 356 3140 ,crebro
381 3058 579 3122 ventitabat.
630 3062 681 3137 11,
701 3061 729 3140 7,
748 3061 767 3120 8
797 3063 917 3139 ,ante
941 3055 1134 3139 providerit‘,
1167 3055 1256 3138 quod

185 3163 217 3226 in
249 3163 338 3227 libris
372 3163 531 3227 historicis
563 3165 697 3236 ¹unicum
737 3162 843 3228 huius
867 3163 1044 3247 particulae
1080 3170 1256 3247 usurpatae

187 3272 369 3355 exemplum
395 3278 453 3355 est,
479 3271 568 3334 cuins
594 3270 687 3353 plura
704 3269 877 3335 exhibeant
900 3270 974 3334 libri
990 3271 1140 3335 minores.
1178 3270 1256 3334 Par-

186 3378 284 3441 ticula
310 3381 510 3460 ,rursus‘
543 3378 591 3442 vel
615 3379 821 3462 ,rursum‘
853 3379 1015 3442 nonnullis
1030 3378 1120 3467 locis
1145 3378 1191 3442 ita
1214 3378 1257 3441 le-

186 3485 278 3568 gitur,
313 3492 348 3548 ut
371 3485 570 3567 pleonastice
595 3483 741 3549 videatur
765 3485 922 3569 apposita,
955 3484 1011 3549 sed
1036 3506 1071 3549 re
1094 3506 1170 3549 vera
1193 3506 1256 3555 non

187 3593 339 3676 apposita
363 3600 412 3656 est
435 3593 643 3674 pleonastice.
691 3591 777 3656 Nam
794 3593 968 3656 rectissime
987 3590 1020 3656 J.
1038 3591 1221 3656 Muellerus
1230 3590 1255 3677 2)

186 3699 361 3783 praedicat,
386 3700 545 3782 particula
568 3701 629 3764 illis
653 3700 733 3764 locis
759 3721 824 3764 non
848 3699 1075 3782 repetitionem
1099 3700 1257 3764 sinceram

184 3802 330 3886 iudicari,
361 3806 417 3871 sed
443 3807 566 3890 aliquid
600 3807 764 3890 contrarii,
799 3806 887 3888 quod
922 3828 979 3870 nos
1016 3805 1083 3870 fere
1114 3807 1256 3871 dicamus

187 3918 435 3990 [,hinwiederum‘.l
481 3915 677 3998 Loquantur
700 3915 760 3979 loci
782 3915 858 3997 ipsi:
883 3914 970 3977 Ann.
1001 3918 1032 3994 3,
1051 3916 1103 3997 21,
1125 3917 1164 3980 13
1188 3914 1257 3998 ,sed

185 4017 375 4084 Tacfarinas
411 4023 535 4104 spargit
572 4021 701 4101 bellum,
738 4021 792 4085 ubi
823 4023 1016 4100 instaretur,
1058 4021 1177 4087 cedens
1219 4043 1257 4085 ac

185 4146 355 4191 rursum
380 4128 412 4190 in
437 4134 529 4211 terga
552 4129 721 4197 remeans‘.
776 4131 888 4192 616
929 4148 1008 4190 saxa
1031 4150 1200 4192 rursum
1225 4136 1257 4192 et

796 4184 804 4211 7
843 4184 851 4212 7
918 4183 926 4211 7

186 4233 391 4298 solitudinem
414 4236 514 4300 maris
538 4236 688 4319 repetiit,
748 4235 896 4300 Tiberius
920 4235 1018 4316 enim,
1045 4256 1100 4299 seu
1123 4256 1158 4299 11
1182 4257 1258 4300 vera

185 4415 398 4424 ——-—---.

256 4483 277 4552 1)
296 4485 327 4537 in
346 4484 415 4538 locis
436 4486 626 4539 controversis
646 4484 822 4540 Germaniae.

258 4569 280 4644 ²)
302 4574 331 4627 in
351 4575 479 4644 symboll.
500 4575 573 4628 critt.
593 4573 632 4643 II,
652 4593 680 4644 p.
700 4578 742 4630 31.
