2880 5094
605 242 826 307 -1g,.„

183 454 255 500 cum
279 457 317 501 ex
332 436 440 501 multis
464 443 606 502 veterum
631 436 821 502 testimoniis
838 437 1050 519 cognoscitur,
1077 439 1132 520 qui
1154 459 1250 521 prae·

183 549 277 626 cepta
301 542 458 608 adferunt
481 542 608 609 aLivio
633 543 673 608 de
697 544 812 609 studiis
836 545 1003 609 rhetoricis
1029 544 1146 631 data‚¹)
1177 551 1248 610 tum

183 671 223 714 ex
245 651 316 735 ipso
337 651 467 718 dicendi
490 672 615 734 genere,
665 649 761 735 Quod
792 650 882 717 haud
906 673 980 718 raro
1014 652 1190 737 esimplici
1217 660 1250 718 61

105 808 108 813 .
182 758 307 823 siucero
324 757 533 823 artificiosum
554 757 675 822 iactum
700 765 748 823 est
772 766 804 822 et
820 761 1010 843 speciosum,
1035 760 1081 824 ita
1106 758 1248 842 quidem,

183 871 218 928 ut
233 864 379 930 homines
404 864 455 931 vel
471 887 532 947 res,
559 888 641 949 quae
658 865 925 949 describerentur,
944 867 1080 932 clariore
1105 867 1249 950 quodam

77 1010 82 1021 ,
182 971 454 1055 perfunderentur
476 973 596 1039 lumine
620 982 651 1038 et
666 973 884 1040 vehementius
900 981 1122 1056 permoverent
1138 974 1246 1057 legen-

183 1080 264 1143 tium
287 1081 420 1149 auimos,
467 1081 584 1164 Itaque
608 1081 768 1146 orationes
794 1080 921 1146 aLivio
945 1082 1124 1147 narrationi
1147 1083 1248 1146 iuter·

183 1188 309 1270 positae
321 1189 452 1252 summis
465 1209 591 1273 semper
602 1188 751 1253 laudibus
765 1188 944 1253 celebratae
958 1195 1032 1253 sunt
1044 1210 1063 1252 a
1074 1189 1245 1270 veteribus,

184 1296 304 1378 optimo
329 1296 412 1380 iure,
436 1297 585 1361 virtutem
609 1297 692 1360 enim
708 1303 740 1360 et
756 1297 988 1381 praestantiam
1006 1297 1103 1360 animi
1121 1295 1250 1360 Liviani

183 1400 431 1467 luculentissime
455 1403 609 1487 produnt,
655 1401 778 1468 Tamen
806 1403 903 1467 etiam
927 1410 1025 1485 atque
1055 1403 1150 1467 etiam
1179 1425 1246 1468 mo-

183 1508 324 1573 nendum
354 1517 404 1575 est
426 1532 665 1592 nonnunquam,
698 1531 802 1592 neque
832 1510 936 1574 solum
968 1510 1000 1572 iu
1033 1509 1243 1592 orationibus,

184 1613 363 1681 rhetoricae
381 1617 561 1701 ,aliquanto
586 1617 811 1682 studiosiorem
843 1616 941 1681 fuisse
965 1617 1164 1700 scriptorem,
1198 1617 1245 1682 ita

184 1730 220 1787 ut
243 1726 412 1789 materiam
436 1746 513 1808 prae
537 1724 665 1789 dicendi
698 1723 802 1789 forma
826 1723 1009 1805 neglegeret
1040 1724 1250 1807 artificiisque

185 1830 401 1897 oblectaretur
428 1832 470 1896 ad
494 1831 683 1914 dignitatem
706 1834 860 1898 orationis
888 1833 1017 1897 minime
1045 1831 1242 1901 necessariis,

185 1934 281 2018 Quod
305 1938 365 2003 sibi
389 1939 605 2024 persuadebit,
635 1942 816 2023 quicunque
839 1940 1022 2024 perlegerit,
1053 1960 1135 2020 quae
1158 1936 1243 2002 iufra

185 2043 330 2110 devitiis
356 2046 548 2129 quibusdam
572 2049 697 2129 generis
723 2046 849 2112 dicendi
874 2048 1087 2130 exposuimus.

273 2153 351 2219 Jam
375 2161 410 2219 111
434 2155 476 2219 ad
505 2156 629 2237 singula
652 2155 824 2236 veniamus,
861 2176 913 2218 eas
939 2152 1065 2219 dicendi
1097 2152 1242 2237 proprie·

185 2267 267 2325 tutes
285 2262 435 2346 elegimus
453 2262 649 2344 tractandas,
675 2283 692 2326 e
710 2263 824 2345 quibus
845 2261 1062 2344 discrepantia
1078 2259 1247 2325 Tacitinae

186 2371 340 2435 orationis
364 2378 396 2435 et
418 2371 572 2436 Livianae
596 2370 770 2435 clarissime
798 2371 900 2454 possit
922 2369 1082 2454 intellegi,
1112 2389 1243 2450 agemus

185 2478 282 2559 igitur
305 2479 444 2562 primum
468 2479 507 2543 (16
531 2479 687 2544 brevitate
711 2477 846 2558 dicendi,
877 2477 992 2541 deinde
1021 2475 1060 2540 de
1085 2475 1240 2557 ubertate,

184 2592 253 2651 tum
286 2585 326 2649 de
348 2587 533 2671 variatione,
565 2587 616 2650 cui
646 2594 812 2667 tamquam
844 2583 1054 2668 appendicem
1086 2581 1126 2646 (16
1157 2583 1239 2647 vitiis

187 2693 379 2774 quibusdam
403 2694 527 2775 generis
553 2692 679 2758 dicendi
702 2712 807 2776 pauca
831 2691 996 2756 addemus.

274 2800 320 2864 Et
343 2802 481 2883 primum
498 2799 626 2883 quidem
652 2798 779 2863 dicendi
795 2798 983 2863 brevitatem
1001 2805 1128 2862 constat
1152 2819 1248 2879 quam

185 2909 322 2972 maxime
346 2927 501 2992 apparere
524 2908 557 2971 in
582 2907 685 2991 ellipsi
709 2929 792 2990 quae
816 2906 942 2971 dicatur
963 2906 1116 2971 orationis
1132 2904 1248 2986 figura,

186 3015 227 3079 In
255 3038 319 3098 qua
350 3013 540 3099 usurpanda
573 3035 769 3097 quamquam
803 3014 896 3079 valde
929 3015 1092 3096 discrepat
1116 3011 1248 3077 Tacitus

186 3143 258 3186 cum
281 3121 383 3202 Livio,
418 3131 524 3187 tamen
558 3131 647 3187 certa
671 3121 830 3206 quaedam
863 3124 930 3187 eius
964 3143 1083 3204 genera
1115 3120 1248 3205 paribus

186 3236 322 3312 uterque
355 3229 478 3311 legibus
502 3230 684 3314 usurpavit3
718 3231 828 3312 itaque
861 3229 1017 3296 hocloco
1053 3249 1091 3292 ea
1124 3235 1251 3292 tantum

188 3339 308 3423 ellipsis
324 3358 443 3421 genera
460 3337 679 3418 tractabimus,
706 3358 797 3420 quae,
824 3337 939 3421 quibus
963 3336 1058 3401 rebus
1083 3333 1247 3398 differata

187 3445 322 3511 Liuiano
348 3445 474 3511 dicendi
498 3467 597 3529 genus
614 3445 806 3528 Tacitinum,
832 3445 949 3510 clarius
975 3441 1156 3509 ostendant.
1205 3440 1249 3504 Et

188 3555 314 3618 initium
338 3553 490 3619 faciemus
515 3554 556 3618 ab

533 3734 656 3833 Elllpsi
688 3731 909 3832 praedicati.

277 3874 537 3942 Consentaneum
562 3883 611 3940 est
639 3875 743 3940 omitti
767 3872 917 3938 facillime
947 3871 1078 3937 verbum
1107 3872 1253 3936 substan·

187 3985 302 4069 tivum,
327 3982 414 4066 quod
439 3985 465 4048 si
480 4002 676 4065 unoquoque
692 3981 773 4061 loco,
800 4001 863 4064 quo
888 3979 965 4063 poni
981 3978 1128 4061 debebat,
1153 3998 1252 4062 pone·

188 4094 400 4102 ————

259 4123 707 4199 1)61.11111111.11111.ο1.ΙΙ,5,
734 4125 776 4178 20.
814 4123 851 4178 ib.
875 4121 958 4193 VIII,
978 4122 1003 4194 2,
1024 4123 1067 4178 18.
1103 4119 1139 4191 X,
1161 4118 1252 4193 1,39;

190 4217 287 4279 Senec.
306 4222 395 4274 contr.
416 4215 468 4289 IX,
487 4214 530 4284 25,
549 4213 592 4269 26.
629 4214 668 4270 ib.
686 4216 729 4285 24,
750 4214 792 4273 14.
