2880 5094
606 662 648 674 ...
697 630 737 690 ary
785 664 827 674 .,.

185 819 363 902 asyndeton
387 822 534 904 usurpari
571 845 666 905 quarn
691 822 938 906 polysyndeton,
972 846 1076 907 neque
1105 826 1152 890 ita
1175 848 1250 890 raro

184 927 289 1010 ipsum
305 929 550 1015 polysyndeton,
576 931 603 995 si
620 938 803 1015 usurpetur,
830 952 900 994 cnm
917 933 1094 997 variatione
1112 935 1251 1017 quadam

186 1033 344 1110 exhiberi;
370 1036 455 1118 quod
480 1058 564 1101 nunc
588 1037 686 1102 altius
715 1037 957 1122 perspiciamus,
1020 1037 1132 1121 Atque
1160 1062 1252 1124 asyn-

185 1140 282 1206 deton
307 1142 489 1209 Tacitinum
514 1145 714 1209 notissimum
740 1152 789 1209 est
820 1145 993 1228 multisque
1014 1147 1154 1212 virorum
1179 1147 1253 1213 doc·

185 1256 291 1314 torum
325 1252 647 1317 commentationibus
675 1259 868 1332 tractatum,
905 1253 1113 1335 quamobrem
1148 1277 1253 1339 pauca
1364 1294 1368 1305 .

186 1359 254 1422 eius
279 1359 424 1443 exempla
457 1380 604 1443 promere
628 1359 707 1424 satis
740 1359 799 1430 sit:
836 1359 922 1424 Hist.
950 1365 978 1440 3,
1004 1364 1055 1442 73,
1081 1367 1120 1426 11
1158 1369 1254 1444 ,inter

187 1488 264 1547 quos
289 1469 427 1531 maxime
449 1468 591 1548 insignes
615 1465 784 1532 Cornelius
808 1465 979 1550 Martialis,
1005 1467 1165 1535 Aemilius
1189 1470 1253 1535 Pa·

187 1575 299 1658 censis,
324 1574 497 1657 Casperius
521 1575 631 1658 Niger,
656 1574 772 1638 Didius
791 1572 934 1640 Scaeva‘.
982 1574 1069 1648 Anu,
1096 1581 1194 1662 1,1o,
1215 1584 1253 1644 19

187 1682 382 1762 ,interfectos
407 1681 530 1746 Romae
554 1683 729 1764 Varrones,
754 1681 923 1763 Egnatios,
949 1682 1059 1749 Iulos‘.
1108 1689 1139 1768 3,
1164 1693 1213 1772 11,
1234 1693 1256 1752 4

187 1788 235 1869 ,L.
276 1788 476 1869 Arruntium,
505 1789 543 1861 P,
576 1790 745 1873 Vinicium,
780 1786 931 1854 Asinium
960 1788 1102 1873 Gallum,
1137 1794 1256 1860 Aeser·

187 1897 298 1960 ninum
332 1896 536 1980 Marcellum,
577 1895 650 1962 Sex.
686 1895 879 1980 Pompeium
918 1910 1076 1980 patronos
1111 1903 1254 1983 petenti‘.

188 2009 217 2085 6,
235 2008 288 2086 47,
308 2010 327 2068 0
350 2003 613 2085 ,conectebantur
648 2009 684 2067 ut
717 2003 837 2068 conscii
871 2009 902 2068 et
926 2003 1066 2070 adulteri
1099 2008 1166 2072 eius
1196 2008 1255 2081 Gn.

188 2113 365 2193 Domitius,
408 2111 521 2178 Vibius
561 2112 705 2195 Marsua,
747 2109 785 2180 L,
822 2110 1019 2181 Arruntius‘.
1084 2118 1138 2203 12,
1160 2121 1255 2198 62,5

189 2221 312 2301 ,missas
337 2220 474 2304 posthac
510 2221 620 2304 copias
655 2219 687 2283 in
715 2218 927 2301 Antiochum,
963 2219 1096 2304 Persen,
1131 2222 1258 2288 Aristo-

188 2329 313 2399 nicnm‘,
376 2332 424 2411 15,
452 2333 504 2408 50,
529 2331 549 2394 3
573 2327 801 2411 ,adgregavere
834 2326 1006 2393 Claudium
1039 2327 1257 2414 Senecionem,

189 2435 375 2501 Cervarium
402 2435 583 2518 Proculum,
617 2436 804 2503 Vulcatium
829 2436 1009 2518 Araricum,
1042 2438 1160 2503 Iulium
1190 2437 1259 2502 Au·

189 2546 345 2630 gurinum,
379 2542 561 2606 Munatium
587 2539 736 2622 Gratum,
770 2541 949 2610 Antonium
974 2544 1137 2630 Natalem,
1170 2547 1259 2611 Mar-

189 2657 272 2718 cium
283 2651 482 2721 Festum‘,-
500 2650 610 2713 Minus
625 2655 753 2712 constat
765 2648 805 2713 de
821 2653 996 2716 variatione
1017 2653 1259 2737 particularum,

191 2783 273 2843 quac
297 2761 328 2822 in
354 2756 565 2842 polysyndeto
589 2755 640 2843 fit,
675 2756 708 2819 in
734 2777 797 2839 quo
830 2760 968 2839 primurn
1000 2761 1179 2843 particulae
1208 2761 1261 2845 ,11ί

190 2876 221 2932 11
247 2870 365 2949 ,atque‘
391 2866 478 2929 nullo
503 2863 743 2946 significationis
768 2864 950 2929 discrimine
975 2865 1121 2931 adhiberi
1145 2868 1259 2951 solent,

190 3000 218 3046 v,
243 2975 301 3038 lios
325 2976 427 3043 locos:
451 2973 538 3044 Hist,
566 2977 594 3054 1,
619 2956 998 3067 70,-11”,Μ’11111111111111
1024 2995 1060 3037 ae
1083 2974 1260 3039 Novariam

191 3092 222 3148 et
247 3080 444 3166 Eporediam
481 3088 513 3144 et
541 3080 728 3152 Vercellas‘,
787 3079 827 3150 ib.
859 3084 953 3161 76,2
992 3080 1187 3162 ,Delmatiae
1223 3104 1261 3146 ac

190 3191 379 3255 Pannoniae
396 3197 428 3253 et
440 3188 585 3253 Moesiae
600 3187 761 3268 legiones,
809 3192 838 3269 2,
857 3191 908 3272 82,
927 3191 967 3255 17
992 3210 1078 3273 ,pars
1096 3190 1260 3274 copiarum

192 3308 224 3363 11
250 3298 316 3362 dux
339 3297 512 3361 Mucianus
537 3303 568 3359 et
592 3295 786 3379 Vespasiani
814 3317 930 3360 nomen
959 3317 997 3360 ac
1021 3296 1101 3360 nihil
1125 3297 1261 3360 arduum

192 3407 287 3477 fatis‘,
336 3411 364 3490 3,
382 3408 434 3484 66,
455 3408 495 3467 14
520 3404 659 3485 ,Primus
684 3424 722 3466 ac
737 3402 862 3466 Fuscus
887 3410 919 3467 et
943 3404 1104 3487 specimen
1120 3404 1260 3488 partium

192 3514 383 3584 Mucianus‘.
430 3516 459 3596 4,
479 3517 528 3596 73,
548 3516 587 3576 18
613 3511 722 3592 ,libido
747 3518 844 3593 atque
869 3513 1006 3576 avaritia
1030 3519 1063 3576 et
1084 3511 1262 3577 mutandae

193 3621 278 3686 sedis
302 3623 411 3685 amor‘.
457 3620 543 3688 Ann.
568 3622 599 3701 4,
618 3621 669 3702 26,
688 3623 726 3682 11
755 3640 937 3702 ,regemque
962 3626 994 3683 11
1016 3619 1137 3684 socium
1164 3627 1262 3702 atque

194 3730 330 3793 amicum
366 3727 561 3812 appellaret‘.
623 3732 652 3797 6.
678 3731 728 3808 12,
754 3729 795 3789 14
825 3748 892 3809 ,per
914 3724 1064 3791 Africam
1098 3728 1194 3791 etiam
1224 3749 1263 3791 ac

195 3836 337 3901 Siciliam
362 3843 394 3899 et
418 3834 551 3898 italicas
577 3833 738 3902 colonias‘.
789 3838 838 3915 15,
866 3837 917 3915 71,
943 3837 982 3897 13
1008 3832 1125 3915 ,Novio
1149 3832 1262 3899 Prisco

194 3965 252 4025 per
290 3942 463 4007 amicitiam
500 3940 641 4006 Senecae
674 3949 706 4004 et
741 3937 842 4005 Glitio
880 3937 977 4004 Gallo
1017 3947 1116 4022 atque
1151 3940 1262 4006 Annio

194 4050 358 4115 Pollioni‘.
379 4087 423 4098 —-
455 4046 584 4112 Deinde
608 4051 661 4130 ,et‘
688 4069 725 4111 ac
748 4051 831 4131 ,que‘
862 4047 973 4112 eadem
1002 4049 1128 4112 ratione
1153 4069 1187 4112 se
1211 4070 1263 4113 ex·

196 4159 332 4244 cipiunt3
357 4156 396 4229 cf,
419 4156 508 4223 Hist.
536 4160 563 4236 1,
583 4161 633 4237 70,
655 4159 695 4219 14
720 4155 914 4240 ,praemissis
939 4153 1109 4219 Gallorum
1135 4155 1263 4220 Lusita-

195 4286 375 4348 norumque
411 4271 443 4327 et
477 4263 707 4341 Britannorum
743 4262 949 4326 cohortibus‘.
1011 4267 1040 4343 3,
1062 4262 1115 4344 30,
1141 4267 1181 4326 10
1207 4262 1264 4344 ,illi

197 4374 340 4439 trabibus
366 4372 547 4454 tegulisque
571 4377 603 4434 et
627 4370 748 4434 facibus
777 4376 1034 4453 propugnatores
1066 4369 1262 4441 deturbant‘,

196 4484 238 4548 ib.
266 4484 357 4563 59,4
380 4487 515 4564 ,erectus
540 4477 669 4543 Samnis
704 4476 943 4561 Paelignusque
977 4485 1009 4542 et
1041 4476 1168 4549 Marsi‘,
1220 4476 1263 4548 ib,

200 4596 251 4674 70,
287 4592 328 4657 14
351 4589 427 4672 ,iam
451 4585 617 4673 Hispaniis
643 4583 889 4670 Germaniisque
913 4592 945 4650 et
968 4584 1139 4651 Britannia
1163 4583 1264 4653 desci-

1086 4707 1106 4761 3
