2880 5094
617 687 838 748 ..51-

189 877 335 944 vocabuli
363 879 462 962 notio,
499 878 576 944 licet
607 879 684 945 alibi
711 877 797 962 apud
821 878 969 977 Tacitum
1002 901 1066 944 non
1098 886 1254 956 occurrat,

190 992 297 1049 tamen
339 1008 358 1049 a
392 985 498 1068 Livio,
536 1007 630 1068 quem
663 985 794 1051 Tacitus
833 986 959 1069 saepius
999 987 1161 1071 exemplar
1195 987 1256 1051 sibi

191 1093 311 1175 statuit,
335 1092 517 1175 praebetur,
543 1113 570 1156 e.
596 1113 620 1163 c.
642 1096 672 1171 4,
692 1098 744 1175 26,
762 1097 791 1179 3,
816 1091 858 1157 ad
881 1113 976 1175 quem
998 1093 1104 1158 locum
1128 1114 1255 1177 compa·

189 1198 301 1282 randa,
334 1222 416 1282 quae
440 1198 723 1264 Drakenborchius
752 1198 896 1264 adnotat.
955 1197 1091 1281 Legitur
1124 1199 1255 1282 quidem

189 1307 273 1371 Hist.
299 1311 327 1390 3,
347 1312 397 1390 18,
416 1312 438 1370 9'
460 1327 552 1389 ,quos
568 1306 700 1371 militiae
715 1307 909 1389 legionarios
927 1328 1123 1389 quamquam
1138 1307 1256 1391 raptim

190 1414 302 1479 ductos
328 1413 531 1497 aequabant‘,
562 1421 594 1479 ct
611 1414 837 1479 Boetticherus
860 1415 893 1478 in
909 1414 1009 1479 lexico
1026 1412 1158 1480 Taciteo
1183 1435 1208 1480 s.
1226 1438 1253 1479 v.

188 1522 370 1605 ,abstracta‘
394 1521 582 1585 vocabulum
607 1522 759 1603 ,militiae‘
778 1523 1006 1586 nominativum
1029 1521 1162 1605 pluralis
1187 1542 1256 1587 esse

189 1631 265 1712 vult,
291 1629 431 1713 positum
453 1650 510 1713 pro
535 1650 611 1692 voce
635 1629 782 1711 ,milites‘,
808 1629 865 1694 sed
882 1650 1002 1713 vereor,
1019 1651 1066 1694 'ne
1089 1651 1153 1694 non
1170 1635 1256 1694 recte

188 1735 384 1801 iudicaverit.
441 1734 573 1800 Etenim
607 1736 633 1800 si
669 1758 703 1800 re
736 1758 811 1800 vera
844 1736 1043 1801 abstractum
1080 1744 1164 1801 esset
1196 1758 1256 1821 pro

189 1851 338 1909 concreto
362 1844 512 1927 positum,
545 1843 725 1906 necessario
749 1844 970 1926 postularetur
1004 1843 1176 1926 singularis
1199 1867 1257 1909 nu-

189 1973 311 2031 merus3
328 1951 439 2033 itaque
456 1950 544 2015 locus
560 1950 614 2014 ille
631 1951 849 2016 Historiarum
865 1974 885 2015 a
900 1951 1064 2034 plerisque
1080 1950 1256 2015 editoribus

189 2057 378 2124 emendatus
402 2066 461 2140 est,
488 2058 621 2123 etmihi
646 2080 773 2141 quoque
796 2059 933 2125 maxime
956 2057 1125 2143 probanda
1149 2057 1256 2122 viden·

187 2175 248 2248 tur,
283 2187 364 2248 quae
401 2187 417 2229 e
446 2165 610 2229 Duebneri
645 2167 829 2230 coniectura
855 2164 1007 2252 Halmius
1044 2172 1075 2229 et
1107 2164 1255 2228 Heraeus

187 2279 377 2358 receperunt
410 2293 501 2354 ,quos
535 2271 626 2336 multi
651 2293 667 2335 e
690 2273 875 2353 legionariis
909 2294 1103 2356 quamquam
1135 2271 1256 2356 raptim

189 2381 301 2446 ductos
327 2379 527 2462 aequabant,
563 2417 603 2426 -
642 2380 719 2444 Alia
746 2381 927 2464 pleonasmi
958 2380 1106 2464 exempla
1136 2378 1256 2463 apponi

186 2496 322 2575 possunt
346 2509 386 2552 ex
409 2488 495 2551 Arm.
524 2493 552 2569 1,
571 2492 656 2571 77,1
684 2486 743 2568 ,At
759 2486 877 2552 theatri
897 2487 1034 2568 licentia,
1059 2485 1256 2571 proximo

186 2597 337 2682 priore
370 2617 453 2659 anno
483 2601 607 2679 coepta,
643 2595 770 2676 gravius
804 2605 869 2658 tum
905 2596 1031 2678 erupit‘.
1080 2599 1109 2675 3,
1133 2596 1184 2678 63,
1215 2599 1254 2658 ll

187 2711 247 2786 ,set
271 2703 413 2768 cultus
437 2703 602 2766 numinum
626 2701 782 2784 utrisque,
816 2701 958 2766 Dianam
985 2708 1042 2766 aut
1065 2701 1256 2785 Apollinem

185 2810 451 2875 venerandi‘.
509 2812 540 2891 4,
563 2813 615 2892 25,
640 2814 658 2873 5
684 2811 787 2890 ,cito
822 2810 947 2891 agmine
980 2807 1266 2891 rapiuntur‘.'

188 2921 238 3000 12,
256 2920 346 2998 31,5
378 2917 508 2999 ,citas
532 2917 680 2981 cohortes
709 2917 866 3001 rapit‘.
922 2916 1045 3000 11,.10,
1067 2919 1108 2979 21
1134 2915 1255 2998 ,adegit

180 3016 328 3089 'Parthos
345 3024 471 3088 mittere
488 3024 530 3088 ad
546 3023 915 3109 principemltomanum
926 3023 1069 3088 occultas
1086 3045 1106 3105 p
1120 3044 1252 3104 renes,

186 3133 255 3215 quis
280 3132 423 3216 permitti
456 3131 672 3197 Meherdaten
707 3131 848 3216 patrium
884 3131 925 3195 ad
954 3129 1123 3213 fastigium
1158 3152 1253 3194 ora·

184 3238 325 3305 bant‘.
350 3277 393 3285 -—
417 3238 482 3303 Sed
506 3260 670 3321 nunquam
690 3237 756 3304 fere
780 3239 822 3302 ad
846 3246 969 3303 tantam
987 3237 1155 3302 audaciam
1180 3259 1253 3321 pro·

186 3349 281 3411 cessit
305 3345 446 3429 Tacitus,
478 3353 513 3410 ut
537 3346 693 3410 voeabula
714 3345 811 3429 plane
839 3368 936 3411 unum
969 3343 1120 3427 idemque
1149 3344 1253 3427 expri-

185 3456 304 3519 mentia
328 3459 548 3539 componeret,
581 3453 678 3517 immo
704 3476 800 3536 quam
824 3454 961 3518 maxime
994 3453 1124 3518 evitavit
1148 3460 1254 3518 tauto-

185 3561 302 3643 logiam
327 3583 422 3645 quam
440 3559 559 3643 dicunt,
586 3563 727 3645 exceptis
744 3562 893 3626 tenuibus
909 3560 971 3624 illis
989 3560 1143 3643 vestigiis,
1170 3582 1254 3642 quac

185 3671 339 3753 exemplis
364 3668 459 3734 modo
485 3667 580 3733 dictis
603 3669 775 3751 impressit.

275 3783 318 3842 At
340 3776 449 3840 Livius
475 3776 587 3841 eadem
614 3777 743 3841 minime
767 3777 929 3861 abstinuit,
958 3777 1056 3842 immo
1088 3799 1160 3842 cum
1184 3798 1253 3843 sae·

183 3886 256 3969 pius
280 3906 357 3950 usus
382 3891 439 3966 est,
474 3892 543 3949 tum
575 3885 671 3951 variis
705 3884 818 3967 modis,
854 3884 901 3948 ita
932 3891 969 3948 ut
1003 3885 1117 3949 merito
1151 3884 1254 3967 possit

184 3991 346 4074 contendi,
384 4014 454 4056 eum
488 4013 684 4074 magnopere
718 4013 787 4057 esse
822 3990 1015 4056 delectatum
1048 3990 1169 4055 fusiore
1197 3991 1252 4056 illo

184 4097 395 4181 uberioreque
420 4098 548 4164 dicendi
570 4120 696 4180 genere,
734 4100 933 4179 etiamtum,
968 4120 1041 4162 cum
1064 4097 1131 4162 sine
1156 4098 1254 4163 dotri-

183 4213 290 4271 mento
308 4228 419 4271 sensus
436 4207 486 4271 vel
501 4207 740 4292 perspicuitatis
763 4206 888 4274 brevius
911 4207 1130 4288 concisiusque
1148 4205 1253 4271 dicere

183 4320 309 4397 posset;
334 4313 391 4379 sed
415 4315 476 4379 hoo
501 4315 620 4397 optime
645 4315 798 4399 exempla,
835 4337 917 4397 quae
950 4320 1135 4397 sequuntur,
1166 4335 1254 4379 coar·

183 4429 295 4506 guent:
320 4426 351 4503 3,
370 4426 422 4503 54,
442 4427 460 4485 9
479 4421 593 4504 ,prima
608 4421 699 4485 initia
714 4421 911 4486 inchoastis‘.
954 4426 1005 4504 10,
1029 4425 1080 4499 34,
1104 4425 1122 4485 6
1141 4421 1254 4502 ,occul

182 4530 306 4596 tamin
330 4529 498 4596 fraudem‘.
562 4534 664 4613 25,3,
689 4534 728 4592 10
759 4530 915 4612 ,ementiti
944 4537 1036 4594 erant
1067 4529 1149 4594 falsa
1177 4551 1254 4594 nau-

182 4636 311 4722 fragia‘.
375 4637 477 4704 Locus
514 4639 568 4721 qui
593 4644 641 4702 est
665 4641 719 4720 34,
743 4643 771 4719 9,
796 4642 814 4702 5
844 4638 942 4720 ,ouius
967 4636 1120 4701 adsiduus
1146 4643 1254 4703 custos

1044 4764 1067 4813 b
