2880 5094
604 281 825 344 ..48-

182 475 238 541 illo
261 475 386 541 notioni
409 474 504 540 alicui
528 450 757 555 substantivae,
784 495 867 557 quae
884 473 1079 556 cogitatione
1101 473 1252 556 addatur,

182 582 386 650 subiciendus
410 603 427 647 e
451 584 650 662 Graecorum
673 602 762 646 more
784 581 911 647 videtur
934 581 1029 646 fictus
1054 603 1133 648 esse.
1197 581 1255 648 Illi

183 691 267 755 enim
291 690 464 772 genitivum
488 689 662 771 adiungere
691 690 796 755 solent
823 689 959 753 articulo
988 691 1135 756 neutrius
1160 712 1254 774 gene·

182 799 236 880 ris,
273 796 307 862 id
343 797 431 881 quod
464 803 568 861 totum
601 795 636 859 in
670 795 813 877 linguam
849 793 1010 878 Latinam,
1049 799 1168 882 quippe
1203 798 1256 863 cui

183 904 269 969 desit
292 904 457 987 articulus,
486 903 585 986 recipi
612 924 677 967 non
709 903 823 987 potuit.
885 900 985 986 Ergo,
1023 903 1160 988 siqidem
1192 903 1256 969 Ta·

183 1011 265 1077 citus
290 1011 387 1076 etiam
410 1010 444 1074 in
467 1010 608 1092 genitivo
632 1008 801 1093 gerundivi
831 1007 927 1073 finali
957 1011 988 1073 vi
1010 1009 1169 1076 instructo
1201 1031 1254 1076 ve·

183 1124 287 1183 terum
311 1118 383 1183 usui
408 1116 599 1182 adversatus
624 1123 683 1199 ost,
707 1138 772 1180 non
797 1115 1015 1182 dubitabimus
1040 1119 1255 1203 comprobare

78 1310 80 1317 A
183 1225 357 1307 genitivum
380 1224 526 1306 gerundii
550 1247 609 1309 pro
634 1244 721 1288 mero
750 1222 912 1288 infinitivo
942 1223 1096 1306 positum¹
1152 1224 1255 1291 Acce·

184 1331 240 1417 dit,
276 1331 363 1415 quod
392 1331 665 1397 substantivorum
697 1330 875 1394 verbalium
906 1331 973 1394 vioe
1008 1329 1096 1415 fungi
1129 1353 1257 1417 semper

183 1438 252 1503 fere
296 1437 437 1523 videtur,
481 1460 572 1521 -quae
617 1439 728 1519 lingua
773 1443 974 1518 repugnante
1025 1439 1144 1522 effingi
1189 1461 1255 1505 non

183 1552 360 1630 potuerunt
382 1569 401 1611 a
424 1548 590 1631 scriptore,
638 1545 688 1609 Εο
714 1550 823 1608 autem
846 1545 948 1626 magis
973 1547 1146 1628 genitivum
1171 1568 1257 1613 com·

183 1651 406 1738 probabimus,
446 1653 533 1736 quod
563 1675 635 1718 cum
674 1653 706 1715 in
742 1649 905 1715 codicibus
941 1659 1059 1737 exstat,
1095 1661 1164 1718 tum
1188 1655 1256 1720 eius

183 1759 325 1844 vestigia,
350 1762 479 1824 tametsi
503 1759 621 1841 tenuia,
655 1756 742 1842 apud
773 1757 896 1841 priores
928 1779 1056 1841 quoque
1080 1761 1255 1843 scriptores

182 1868 394 1950 inveniuntur,
424 1868 513 1931 velot
537 1866 568 1930 b.
602 1865 698 1947 Hisp.
726 1869 767 1928 30
803 1871 851 1949 ,ut
886 1865 1077 1930 transeundi
1106 1867 1256 1951 superius

183 1975 245 2039 iter
280 1973 488 2039 vehementer
525 1980 609 2037 esset
642 1973 866 2057 periculosnm‘
880 1974 920 2056 1),
956 1979 1055 2054 atque
1089 1973 1186 2037 etiam
1222 1973 1258 2038 in

184 2079 348 2164 Cicerone,
385 2079 426 2144 ad
451 2081 590 2145 Brutum
616 2083 691 2162 1‚4
724 2101 798 2163 ,neu
821 2101 950 2164 semper
982 2080 1077 2163 primi
1102 2080 1258 2162 cuiusque

184 2188 260 2251 mali
284 2186 452 2252 excidendi
473 2209 572 2253 causa
589 2193 641 2271 sit,
665 2193 701 2251 ut
717 2185 805 2251 aliud
822 2190 1041 2274 renascatur‘;
1066 2209 1129 2270 quo
1147 2193 1257 2253 tamon

185 2294 255 2359 loco
280 2294 490 2376 gerundivum
519 2295 720 2360 substantivo
755 2295 873 2378 ,oausa‘
909 2294 1045 2358 multum
1074 2280 1256 2361 adiuvatur.

185 2401 284 2465 Falso
309 2408 415 2466 autem
440 2402 627 2485 Draegerus
642 2401 669 2488 2)
706 2403 812 2466 locum
838 2402 1043 2470 Velleianum
1073 2401 1258 2467 huiusmodi

187 2531 256 2575 esse
283 2511 467 2594 arbitratur,
503 2532 579 2575 nam
611 2508 782 2574 manifesto
817 2508 861 2573 ibi
894 2508 1013 2592 pendet
1046 2509 1204 2591 genitivus
1240 2531 1257 2575 e

189 2615 388 2682 substantivo
414 2620 515 2698 ‚most
548 2655 594 2665 -
623 2615 688 2681 Sed
724 2617 805 2680 haec
833 2616 990 2680 hactenus
1026 2615 1067 2681 do
1096 2617 1257 2682 brevitate

187 2722 326 2804 dicendi;
350 2725 383 2787 in
408 2725 470 2788 alia
495 2725 579 2788 enim
602 2723 830 2806 brachylogiae
846 2744 974 2804 genera,
999 2724 1085 2787 velut
1108 2744 1252 2807 neugma,

187 2831 393 2896 vehementer
417 2832 511 2896 doleo
535 2831 697 2914 inquirere
721 2851 773 2894 me
796 2850 861 2893 uon
884 2830 1036 2915 potuisse,
1066 2829 1257 2895 destitutum

187 2939 303 3005 libellis
328 2938 522 3022 quibusdam
545 2939 684 3003 maxime
708 2938 909 3003 necessariis

276 3045 349 3110 Iam
384 3045 618 3111 transeundum
654 3051 705 3110 est
740 3045 781 3108 ad
826 3045 923 3108 aliam
957 3043 1066 3108 Latini
1101 3045 1257 3110 sermonis

186 3155 426 3238 proprietatem,
463 3174 546 3236 quae
585 3175 649 3217 non
687 3152 766 3216 nihil
801 3151 925 3216 confert
957 3149 999 3214 ad
1032 3150 1285 3233 cognoscenda

187 3261 380 3343 scriptorum
403 3261 547 3342 ingenia;
573 3260 698 3343 copiam
722 3260 890 3323 verborum
916 3259 996 3323 dico.
1045 3257 1159 3343 Quam,
1185 3281 1257 3323 cum

186 3368 337 3433 brevitati
372 3368 478 3432 adhuc
512 3374 671 3433 tractatae
712 3389 842 3450 prorsus
879 3368 1039 3432 contraria
1074 3369 1125 3450 sit,
1160 3366 1258 3450 plane

188 3476 254 3540 alia
276 3475 401 3542 ratione
438 3482 604 3560 acceptam
640 3474 739 3539 fuisse
762 3476 892 3558 utrique
916 3475 1063 3559 scriptori
1087 3472 1257 3538 confestim

188 3583 409 3665 unusquisque
444 3583 624 3648 concludet.
682 3581 799 3666 Neque
839 3582 957 3648 errabit
996 3581 1055 3645 hac
1093 3582 1126 3644 in
1161 3582 1257 3644 ratio·

261 3796 280 3866 ¹)
311 3814 381 3864 quae
401 3795 535 3849 Wolffius
554 3797 572 3849 l.
592 3797 611 3853 l.
629 3815 657 3865 p.
682 3794 715 3848 15
736 3797 852 3864 exponit
879 3795 915 3849 de
934 3793 1110 3848 substantivo
1137 3792 1256 3861 ‚itinere‘

190 3887 226 3941 ad
244 3887 402 3956 genitivum
422 3886 553 3954 gerundii
572 3887 721 3954 applicato,
751 3903 783 3938 ea
802 3886 874 3937 nihil
902 3885 1010 3938 faciunt
1035 3883 1071 3936 ad
1089 3900 1161 3950 rern3
1191 3899 1257 3935 nam

191 3977 330 4030 vocabula
350 3975 487 4043 ‚superius
507 3975 569 4027 iter*
590 3975 731 4028 obiectiva
751 3974 872 4042 quadam
896 3975 925 4027 vi
945 3973 1082 4026 instructa
1101 3971 1137 4024 ad
1155 3971 1258 4040 geniti·

191 4083 258 4118 vum
278 4063 461 4132 ,transeundi‘
480 4063 633 4131 pertinent,
647 4063 737 4131 ¹quod
756 4064 814 4132 ipso
837 4061 970 4116 Wolffius
999 4061 1158 4132 significare
1180 4062 1257 4116 vide·

191 4161 245 4224 bur,
266 4173 329 4207 011111
349 4155 419 4207 dicii
438 4169 499 4225 ,ng
518 4168 665 4212 ausserdem
679 4167 720 4212 die
735 4167 865 4221 Wendnng
880 4166 938 4220 ‚iter
951 4166 1013 4210 ire‘.‘

261 4240 282 4312 2)
301 4244 319 4298 l.
340 4243 357 4296 l.
379 4242 465 4313 (Voll.
479 4245 503 4310 2,
521 4241 579 4310 128,
596 4243 620 4295 l:
642 4259 740 4310 ‚neque
757 4258 846 4296 novus
865 4241 911 4294 hic
928 4258 987 4295 mos
1001 4280 1028 4295 ..
1049 4245 1091 4294 est
1108 4240 1259 4314 putandi‘.)
