2880 5094
606 257 825 329 -26-5-

183 459 305 537 ceptae.
315 451 338 539 ¹)
386 451 448 519 Vel
471 450 671 533 Madvigium
699 451 853 533 sequaris
888 450 944 532 qui
968 449 1122 513 facillima
1148 469 1256 513 emen·

182 559 312 626 datione
336 561 382 624 sic
405 559 496 641 legit:
525 565 675 642 ,geretun
701 579 805 641 neque
822 607 830 623 .
849 605 856 622 .
875 606 882 623 .
900 557 1008 622 mitior
1033 579 1130 640 quam
1145 557 1178 620 in
1195 576 1255 622 vos

181 667 310 754 (horreo
336 666 453 751 dicere)
477 666 586 731 hostes
610 687 676 738 ero,
723 665 793 732 Vos
817 665 938 748 prius3‘
966 664 1157 748 praesertim
1181 685 1256 727 cum

182 775 362 860 praesentis
387 775 607 840 coniunctiuus
631 775 710 838 alias
735 773 847 838 deesse
871 794 1037 855 nunquam
1060 771 1220 843 videatur.

273 880 426 947 Ceterum
460 882 567 957 omnia
590 882 739 965 exempla
768 879 867 946 modo
902 879 1071 963 proposita
1103 899 1140 943 eo
1165 876 1257 942 adiu·

182 997 308 1071 vantur,
335 988 422 1071 quod
447 989 528 1053 alius
554 990 623 1071 quis
650 989 870 1053 coniunctims
894 988 979 1050 inest
1002 988 1035 1050 in
1060 987 1105 1050 eis
1129 991 1257 1051 senten·

183 1099 245 1161 tiae
269 1097 426 1180 partibus,
452 1118 533 1179 quae
560 1103 739 1179 sequuntur
759 1094 938 1159 membrum
962 1095 1102 1178 elliptice
1126 1115 1257 1178 expres-

183 1223 268 1282 sum3
294 1224 376 1267 unus
400 1211 509 1267 tamen
532 1203 624 1269 locus
649 1203 806 1287 excipitur
831 1203 886 1285 qui
910 1209 1015 1266 exstat
1042 1207 1070 1283 1,
1097 1207 1149 1284 59,
1175 1205 1206 1271 2.

273 1310 410 1374 Brevius
442 1309 482 1374 de
510 1309 657 1374 infinitivi
686 1311 791 1394 ellipsi
823 1309 930 1373 dicere
965 1330 1154 1392 possumus:
1189 1330 1258 1374 sae-

183 1417 314 1500 pissime
339 1418 421 1481 enim
447 1420 538 1498 ,esse‘
561 1416 738 1481 infinitivus
757 1416 958 1481 desideratur
975 1437 1047 1480 cum
1065 1415 1153 1500 apud
1176 1416 1258 1481 alios

184 1524 367 1608 scriptores,
392 1531 461 1590 tum
479 1525 566 1610 apud
582 1524 720 1607 Livium,
741 1526 904 1590 rarissime
919 1523 1093 1589 infinitivus
1110 1525 1257 1609 perfecti,

184 1634 273 1698 cuius
298 1633 424 1717 ellipsin
445 1632 758 1719 Weissenbornius2)
784 1655 822 1697 ea
844 1654 879 1697 re
904 1632 1057 1714 declarat,
1084 1632 1171 1714 quod
1195 1633 1260 1697 alia

184 1741 327 1806 eiusdem
350 1741 439 1805 verbi
463 1740 567 1807 forma
583 1742 692 1805 statim
710 1748 876 1822 sequatur3
902 1741 996 1804 aliter
1018 1740 1145 1824 ellipsin
1170 1740 1258 1805 illam

183 1849 234 1912 vix
257 1848 393 1911 inveniri
415 1856 517 1920 ratus,
566 1851 625 1912 Est
648 1848 739 1911 locus
766 1848 833 1912 hic:
870 1868 953 1927 ,oum
978 1846 1039 1910 sibi
1068 1845 1259 1911 defectionis

184 1955 224 2018 ab
248 1955 404 2020 Romanis
430 1955 597 2019 consilium
614 1955 809 2038 placiturum
835 1952 891 2038 (sc,
909 1953 1019 2037 luisse)
1045 1952 1132 2017 nullo
1149 1952 1257 2034 modo,

184 2063 246 2126 nisi
269 2063 485 2126 necessarium
509 2061 632 2142 luisset,
659 2062 825 2147 praefatus
859 2065 970 2141 esset‘;
1005 2060 1060 2125 ubi
1093 2062 1121 2125 si
1145 2082 1259 2124 sensus

184 2177 310 2234 tantum
335 2169 534 2251 observatur,
561 2177 593 2235 et
618 2174 709 2251 ,esse‘
736 2180 768 2235 et
792 2169 912 2252 ,fnisse‘
936 2168 1114 2233 infinitivus
1131 2167 1261 2232 admitti

183 2283 301 2361 potest.
349 2278 456 2342 Aliter
473 2287 679 2363 comparatus
697 2286 746 2344 est
769 2281 869 2360 locus,
896 2280 950 2361 qui
975 2285 1082 2342 exstat
1099 2280 1150 2359 24,
1169 2279 1199 2358 5,
1217 2281 1257 2341 12

185 2407 262 2467 ,rem
279 2392 402 2450 tantam
420 2388 567 2450 ausuros‘
592 2387 648 2474 (sc,
666 2386 791 2472 fuisse);
817 2386 873 2450 sed
896 2385 941 2450 ibi
958 2407 1081 2449 summo
1099 2406 1258 2449 consensu

184 2494 243 2557 viri
267 2493 354 2559 docti
386 2494 535 2558 lacunam
568 2502 769 2564 notaverunt.
817 2493 941 2558 Contra
967 2496 995 2574 1,
1023 2497 1076 2573 39,
1102 2496 1120 2556 5
1156 2513 1259 2574 ,serva

184 2608 296 2665 natum
321 2623 393 2665 eum
421 2602 481 2686 (sc,
505 2601 616 2687 fuisse)
641 2624 839 2686 parvumque
864 2601 970 2684 ipsum
1004 2600 1150 2664 servisse‘
1185 2600 1258 2665 libri

185 2708 395 2792 manuscripti
419 2708 497 2783 nihil
521 2710 655 2773 variant.

274 2833 351 2897 ‹la-m
375 2833 548 2897 ridendum
573 2840 633 2915 est,
660 2833 932 2916 quemadmodum
964 2854 998 2896 se
1021 2832 1141 2896 habeat
1169 2833 1257 2916 apud

185 2940 334 3006 Tacitum
359 2939 446 3004 verbi
471 2941 661 3005 substantivi
686 2941 817 3023 ellipsis.
865 2937 931 3020 Qui
952 2940 1059 3004 brevis
1083 2947 1114 3003 et
1130 2942 1257 3005 nervosi

184 3047 311 3129 generis
336 3046 462 3112 dicendi
487 3047 661 3129 studiosus,
688 3048 868 3133 despiciens
890 3045 1084 3110 abundantis
1102 3048 1257 3113 orationis

186 3155 311 3238 copiam
324 3161 421 3236 atque
439 3160 590 3220 ornatum
603 3156 731 3219 omnino
745 3156 791 3219 illi
807 3154 938 3236 figurae,
955 3164 991 3217 ut
1008 3162 1257 3220 consentaneum

186 3270 244 3340 est,
270 3262 498 3345 multomagis
528 3262 663 3326 indulsit
696 3285 792 3344 quam
817 3261 937 3344 Livius,
975 3261 1257 3343 eloquentissimus

184 3368 238 3433 ille
261 3377 403 3432 veterum
429 3369 580 3455 auctor3)
629 3369 775 3434 Primum
798 3369 897 3451 igitur
920 3390 1035 3435 moneo
1060 3369 1185 3452 ellipsin
1209 3371 1257 3433 11-

186 3476 316 3540 dicativi
353 3476 441 3541 modi
474 3498 545 3542 esse
579 3477 805 3542 creberrimam
841 3478 985 3560 artisque
1018 3497 1094 3540 usus
1130 3475 1257 3540 Liviani

185 3585 318 3667 legibus,
348 3606 426 3668 quas
451 3605 550 3668 supra
577 3584 732 3665 indagare
757 3586 886 3665 tentavi,
910 3605 1043 3668 prorsus
1076 3584 1254 3648 liberatam.

185 3693 272 3758 Nam
288 3714 360 3756 cum
371 3692 546 3756 enuntiatis
563 3692 769 3774 secundariis,
788 3700 855 3756 tum
868 3693 983 3756 ceteris
999 3692 1088 3756 uerbi
1106 3692 1256 3775 tempori-

259 3889 279 3958 ¹)
301 3888 379 3957 ,haec
398 3889 550 3958 imperiosa
569 3889 711 3943 dictatura
730 3893 857 3958 geretur,
880 3888 931 3957 [ut]
956 3906 1046 3956 neque
1065 3889 1095 3940 11
1114 3887 1164 3940 hos
1179 3904 1255 3940 meos

186 3983 215 4033 et
232 3981 340 4049 patriae
359 3997 437 4033 meae
456 3980 561 4032 milites
581 3981 635 4033 orit
660 3979 759 4032 mitior
778 3995 861 4045 quam
881 3978 910 4029 in
930 3994 980 4030 vos
993 4006 1023 4018 —
1040 3978 1142 4030 horreo
1162 3977 1255 4029 dicere

186 4097 220 4108 —
240 4070 346 4124 hostis!

258 4157 279 4226 2)
299 4161 328 4212 11
348 4160 442 4213 adnot.
462 4158 560 4224 11123,
580 4161 605 4226 2,
626 4160 650 4211 ὅ.

258 4248 279 4319 3)
299 4251 360 4323 ipso
380 4249 476 4303 Tacito
496 4249 526 4300 in
546 4251 601 4317 Ag.
622 4264 645 4301 c.
669 4250 710 4303 10.
728 4251 808 4303 teste.
