2880 5094
649 260 869 321 ..5g-

224 451 384 519 adverbiis
409 458 441 518 et
464 451 631 518 adiectivis
656 460 688 517 et
712 452 930 535 substantivis,
964 462 1047 535 quae
1072 474 1169 535 quam
1199 452 1296 537 signi·

143 543 147 552 ⁸
179 570 184 576 '
223 560 406 626 ficationem
430 561 582 643 habeant,
619 562 700 625 nihil
728 562 796 626 fere
819 561 929 633 refert,
991 560 1114 630 Videas
1139 581 1222 643 quae
1246 581 1295 625 se·

224 673 379 751 quuntur:
397 675 426 750 9,
447 673 476 751 2,
495 674 513 732 8
532 675 675 750 ,retro
693 669 744 733 via
756 668 952 753 repetenda‘,
971 667 1011 740 cf.
1029 673 1081 749 22,
1100 673 1129 749 6,
1148 671 1178 733 7.
1197 671 1246 749 18,
1259 673 1293 747 7,

223 777 320 840 etiam
343 774 508 840 verbosius
544 776 726 861 exemplum
751 783 799 840 est
823 780 875 859 24,
898 781 951 857 20,
974 779 994 843 3
1020 783 1182 858 ,retro,
1207 775 1294 840 unde

222 890 362 964 venerat,
387 881 508 947 Nolam
532 883 648 955 rediit‘.
694 884 737 955 ib,
761 887 852 965 40,9
878 883 1022 965 ,Oricum
1046 888 1183 964 retro,
1208 883 1294 947 unde

222 998 363 1072 venerat,
382 989 423 1055 ad
440 999 579 1055 ceteram
597 992 732 1056 classem
748 991 908 1060 remissis‘.
941 993 1059 1072 31,45,
1074 995 1113 1055 16
1137 999 1248 1072 ,retr
1259 1013 1292 1073 o,

222 1096 308 1162 unde
333 1106 496 1174 venerant,
534 1097 699 1165 Sciathum
726 1099 895 1183 repetunt‘.
953 1103 1005 1178 27,
1028 1101 1080 1181 42,
1104 1102 1144 1162 16
1171 1097 1293 1176 ,Venu-

222 1207 304 1269 siam
320 1213 455 1290 retro,
474 1207 588 1288 quibus
599 1213 730 1272 venerat
741 1207 918 1283 itineribus,
933 1205 1082 1289 repetiit‘.
1095 1244 1140 1251 —
1158 1208 1186 1288 1,
1202 1210 1254 1288 33,
1272 1208 1291 1272 3

224 1334 398 1392 ,rursus
423 1313 507 1378 bello
532 1314 725 1395 repetitum‘.
779 1318 831 1394 21,
855 1317 906 1392 52,
933 1317 972 1376 10
999 1333 1175 1392 ,rursus
1199 1334 1292 1395 proe-

221 1419 298 1483 lium
315 1421 505 1490 restituere‘.
532 1426 561 1500 3,
580 1421 632 1502 20,
651 1424 670 1487 8
688 1441 812 1502 ,saep
825 1421 894 1484 ius
912 1418 1103 1489 dictitabat‘.
1129 1423 1181 1499 21,
1201 1423 1253 1499 20,
1272 1425 1291 1484 8

220 1533 486 1611 ‚praeoccupatos
511 1528 575 1591 iam
593 1534 693 1591 ante
710 1528 834 1591 animos
851 1525 941 1596 essa‘.
979 1524 1019 1587 ib.
1040 1529 1091 1607 32,
1111 1533 1128 1589 7
1148 1527 1292 1609 ,prius

221 1641 478 1718 praeoceptaros
491 1637 581 1704 erat‘.
606 1635 659 1715 40,
677 1638 707 1718 4,
728 1639 767 1698 13
786 1634 888 1717 ,multi
904 1639 995 1696 ante
1013 1635 1291 1715 praecogitatum‘.

220 1740 261 1806 ib.
286 1743 337 1823 23,
366 1744 386 1807 6
418 1743 492 1820 ,iam
521 1749 625 1807 ante
651 1740 900 1826 praemeditati.
957 1745 987 1820 9,
1014 1743 1113 1821 23,2
1149 1741 1292 1824 ,prior

220 1849 458 1933 praevenisset‘‚
482 1849 536 1913 ubi
560 1849 747 1930 Madvigius
771 1855 892 1912 temere
917 1867 934 1909 e
957 1847 1189 1912 recentioribus
1212 1869 1292 1932 pau·

221 1955 264 2019 cis
289 1954 452 2020 codicibus
490 1957 710 2041 ,pervenisset‘
747 1952 857 2020 edidit.
920 1955 952 2035 4,
970 1955 1061 2032 40,3
1098 1954 1291 2037 ‚obviam

220 2064 339 2144 agmini
349 2067 575 2133 occurrerent‘,
612 2069 663 2147 22,
677 2068 706 2146 6,
720 2066 741 2126 4
766 2082 812 2143 ,se
827 2059 947 2125 infesto
965 2059 1103 2124 venienti
1120 2082 1138 2125 0
1151 2061 1289 2126 bviam

220 2171 402 2237 obiecerat‘.
460 2177 513 2255 42,
542 2177 593 2254 63,
624 2178 663 2236 10
701 2190 793 2253 ,quos
829 2188 923 2233 casus
960 2166 1116 2232 obvios
1153 2168 1289 2241 obtulit‘,

222 2281 273 2361 25,
294 2285 344 2362 11,
365 2283 405 2348 15
430 2283 572 2362 ,intus
595 2281 757 2348 inclusae‘.
781 2317 826 2323 -
851 2274 1004 2359 Quamvis
1026 2277 1110 2340 inter
1135 2296 1181 2358 ea,
1208 2298 1290 2358 quae

220 2385 316 2451 modo
352 2389 588 2472 proposuimus,
624 2387 782 2452 adiectiva
818 2383 973 2449 nonnulla
1006 2390 1145 2467 exstent,
1182 2390 1290 2449 tamen

220 2492 515 2571 1111101110111111,
549 2498 738 2581 plerumque
763 2500 851 2559 certa
876 2488 1044 2574 quaedam,
1079 2499 1288 2574 usurpantur,

220 2600 260 2672 cf,
295 2608 323 2687 9,
353 2608 401 2684 10,
429 2609 447 2668 6
480 2607 674 2688 ,rescriptae
707 2622 842 2667 novae
875 2597 1038 2680 legiones‘.
1108 2601 1157 2680 10,
1188 2600 1240 2681 29,
1272 2604 1289 2663 1

221 2730 386 2789 ,novam
411 2711 450 2775 de
467 2713 592 2793 integro
614 2711 694 2776 velle
715 2713 896 2774 instaurare
918 2708 1082 2790 pugnam‘.
1131 2708 1182 2788 21,
1203 2710 1252 2790 11,
1271 2712 1289 2772 5

219 2826 265 2900 ,ut
288 2839 438 2882 novum
462 2842 586 2882 murum
611 2818 800 2889 reficerent.
865 2814 915 2895 10,
941 2818 992 2896 16,
1014 2817 1032 2875 6
1057 2833 1158 2896 ,spem
1182 2815 1291 2878 reli-

221 2946 341 3006 quam
370 2927 402 2990 in
427 2926 574 2991 Etruscis
602 2930 745 2996 restare‘,
802 2927 854 3005 25,
882 2927 911 3005 3,
938 2923 978 2986 10
1012 2921 1167 3003 ,ementiti
1195 2930 1290 2987 orant

219 3031 234 3094 f
242 3034 336 3097 alsa
359 3033 548 3116 naufragia‘,
596 3035 637 3103 ib,
656 3037 707 3114 35,
728 3037 744 3096 1
771 3032 976 3113 ,citatum
1001 3046 1115 3109 agmen
1138 3029 1289 3110 rapiunt‘.

220 3145 270 3224 32,
299 3146 374 3221 5,7
417 3141 587 3222 ,multis
627 3138 810 3204 criminibus
852 3133 1038 3202 oneratum,
1101 3139 1158 3216 37,
1185 3141 1288 3220 39,s

218 3250 330 3332 ,triarii
346 3256 569 3333 postremos
587 3247 801 3327 claudebant‘,
820 3244 860 3315 cf.
878 3246 930 3326 30,
949 3243 1001 3322 33,
1022 3245 1049 3305 1.
1076 3244 1127 3325 37,
1144 3246 1196 3326 40,
1214 3249 1290 3314 9,-

218 3354 335 3438 Ncque
380 3358 426 3419 ita
479 3376 575 3439 sucpe
622 3354 840 3438 substantiva,
895 3355 952 3414 ant
996 3348 1066 3411 sola
1114 3354 1171 3411 aut
1218 3370 1290 3416 cum

219 3462 384 3525 adiectivis
409 3463 588 3543 coniuncta,
623 3462 665 3525 ad
696 3460 918 3546 praedicatum
942 3455 1135 3537 referuntur,
1169 3476 1207 3520 ea
1234 3480 1290 3541 po·

220 3569 390 3650 tissimum,
416 3570 446 3632 in
466 3570 580 3651 quibus
597 3573 684 3635 notio
702 3567 874 3654 incipiendi
890 3567 983 3646 inest,
1000 3560 1088 3625 velut
1103 3562 1290 3644 ,initium

219 3677 395 3742 ordiendae
431 3679 487 3741 rei‘
523 3679 624 3762 praef,
662 3683 716 3765 l2;
751 3677 867 3743 similia
900 3680 974 3736 sunt
1008 3667 1123 3751 ,prima
1151 3670 1289 3737 initia

217 3786 380 3850 inchoare‘
419 3789 453 3866 3,
483 3790 541 3866 45,
571 3792 605 3867 9,
640 3787 679 3849 cf.
715 3791 767 3865 39,
796 3787 848 3863 23,
877 3788 906 3861 5,
942 3775 1140 3861 ,1111111111
1177 3780 1288 3844 oritur‘

221 3899 248 3974 1,
266 3898 319 3974 46,
339 3899 367 3957 7.
461 3894 673 3980 Adaptantur
697 3902 805 3958 autem
828 3885 1028 3974 pleonastice
1051 3882 1148 3946 ctiam
1166 3883 1289 3953 formae

219 4002 378 4086 quaedam
402 4004 488 4068 verbi
513 4005 647 4070 alterius
672 4005 763 4069 alteri
789 4003 885 4068 verbo
910 3996 1019 4072 tinito;
1052 4011 1069 4054 θ
1094 4011 1123 4072 g·
1149 3998 1202 4081 44,
1221 4005 1249 4081 2,
1269 4009 1288 4068 5
1337 4076 1341 4082 ,

217 4111 389 4194 ,profectus
406 4120 513 4178 castra
529 4114 649 4185 movit‘,
698 4119 727 4192 7,
743 4116 796 4191 40,
817 4114 857 4177 16
875 4110 984 4193 ,nolito
1000 4096 1100 4177 velle‘·
1127 4105 1179 4188 ²2,
1200 4112 1249 4192 19,
1267 4116 1289 4178 4

218 4220 423 4303 ,1111111310ο
463 4219 608 4288 Eaedem
630 4220 779 4287 notiones
802 4220 978 4302 iunguntur
1002 4223 1160 4307 22,22,4.
1189 4224 1242 4305 53,
1258 4228 1287 4288 9.
