2880 5094
478 1055 708 1171 Vita.
794 1147 798 1151 .

541 1235 647 1250 W

87 1404 91 1411 .
132 1360 260 1414 Paulus
278 1358 407 1413 Petzke
425 1363 508 1413 natus
528 1377 588 1413 sum
607 1377 632 1413 a.
652 1359 679 1412 d.
692 1357 773 1412 XIV.
793 1356 937 1411 Kalendas
960 1355 1126 1411 Februarias

61 1469 85 1505 a.
105 1451 132 1505 h.
152 1469 173 1504 s.
191 1449 270 1503 LIII.
299 1450 425 1504 Ber'olini
450 1454 530 1520 patre
549 1448 702 1518 Leopoldo,
730 1465 814 1516 quem
837 1447 929 1500 adhuc
947 1447 1127 1515 superstitem

62 1557 189 1608 veneror,
208 1544 299 1593 matre
318 1541 415 1609 Agnes
435 1558 449 1593 e
468 1544 552 1610 gente
571 1539 667 1609 Voigt,
692 1555 776 1606 quam
798 1536 900 1590 abhinc
928 1537 984 1589 iam
1003 1535 1126 1589 undetri-

63 1630 142 1699 ginta
161 1646 247 1683 annos
266 1633 356 1683 morte
386 1633 512 1699 ereptam
540 1647 599 1683 esse
618 1629 709 1683 doleo,
753 1625 853 1680 Fidem
881 1626 1015 1696 profiteor
1043 1645 1127 1680 evan·

62 1719 188 1788 gelisam.
225 1717 321 1781 Prima
334 1719 502 1772 elementaa
520 1723 601 1788 patre
626 1719 687 1787 ipso
707 1717 801 1784 didici,
821 1721 881 1771 tum
893 1717 1039 1786 gymnasio
1058 1716 1127 1770 reali

64 1807 138 1875 quod
157 1811 259 1861 vocent
278 1808 407 1877 traditus,
436 1808 532 1862 decem
552 1798 639 1862 annos
659 1812 742 1861 natus
770 1808 870 1862 transii
893 1808 929 1861 ad
947 1808 1125 1876 gymnasium

61 1897 233 1951 Leucadium
251 1899 396 1968 egregium
414 1901 523 1952 rectore
541 1897 738 1952 Bellermanno
757 1916 784 1952 v.
803 1898 836 1952 cl.
855 1897 940 1951 Anno
960 1898 986 1951 h.
1001 1915 1021 1951 s.
1037 1896 1129 1955 LXX.

62 1987 192 2052 auspiciis
210 1986 332 2041 Bonitzii
351 1987 405 2040 viri
424 1987 588 2056 doctissimi,
614 1989 659 2042 cui
677 1988 828 2041 maximam
852 1987 973 2056 gratiam
992 1990 1020 2040 et
1038 1987 1127 2041 debeo

63 2082 92 2130 et
110 2077 206 2145 habeo,
232 2078 403 2131 maturitatis
432 2077 594 2131 testimonio
623 2081 737 2132 ornatus
766 2081 850 2145 atque
872 2093 995 2146 ,numero
1023 2076 1127 2130 civium

61 2166 251 2220 universitatis
282 2166 473 2221 Berolinensis
513 2168 671 2237 adscriptus
716 2184 768 2237 per
809 2169 945 2234 quattuor.
984 2165 1128 2219 semestria

60 2254 195 2323 Hauptio,
234 2255 420 2323 Kirchhoffio,
459 2257 613 2312 Huebnero
647 2275 692 2311 vv.
721 2257 756 2311 cl.
785 2255 1015 2325 praeceptoribus
1053 2272 1127 2323 usus,

61 2343 187 2410 Lipsiam
206 2361 251 2394 me
271 2345 388 2410 contuli,
416 2345 464 2397 ubi
493 2364 544 2412 per
572 2364 620 2400 sex
639 2363 746 2400 menses
765 2345 869 2399 scholis
898 2343 1075 2414 philologieis
1100 2348 1129 2398 et

59 2430 260 2498 philosophicis
280 2431 314 2484 G.
333 2431 432 2499 Curtii,
460 2433 600 2500 Zarnokii,
621 2433 783 2488 Drobischii
807 2435 933 2488 virorum
952 2433 1128 2488 doctissimo·

62 2538 124 2572 rum
144 2520 296 2588 diligenter
314 2520 439 2574 interfui.
482 2520 635 2590 Postquam
654 2522 819 2576 Berolinum
837 2523 918 2590 redii,
942 2524 1078 2576 maiorem
1096 2523 1127 2576 in
1182 2556 1183 2561 =

59 2610 119 2663 dies
139 2626 252 2678 operam
272 2610 431 2679 consumpsi
450 2611 479 2664 in
491 2615 618 2666 veterum
637 2612 740 2665 litteris
754 2612 962 2680 cognoscendis,
981 2610 1128 2666 Huebneri

60 2720 85 2755 v.
106 2701 139 2754 cl.
159 2700 338 2769 potissimum
357 2702 475 2755 consilio
496 2702 616 2770 adiutus,
643 2702 690 2771 qui
708 2718 760 2770 per
779 2701 834 2754 tria
858 2701 1005 2754 semestris
1030 2702 1066 2755 ad
1085 2718 1127 2754 so-

60 2791 190 2845 cietatem
235 2808 313 2844 suam
344 2791 544 2862 philologicam
584 2792 692 2846 aditum
734 2789 855 2858 benigne
884 2789 954 2842 mihi
991 2791 1126 2859 permisit.

60 2880 159 2949 Neque
177 2899 244 2934 vero
264 2881 383 2934 aliarum
402 2882 616 2950 disciplinarum
635 2881 740 2935 oblitus
760 2879 868 2933 scholas
887 2879 983 2934 audivi
1004 2880 1128 2934 virorum

61 2970 288 3024 doctissimorum
301 2968 468 3039 Mommsen,
482 2971 621 3041 Droysen,
635 2971 763 3040 Kiepert,
777 2969 879 3037 Zeller,
892 2968 1004 3036 Harms,
1019 2969 1127 3024 Beller-

58 3077 152 3111 mann.
192 3058 293 3128 ltaque
313 3078 375 3114 cum
395 3078 512 3115 examen
529 3078 582 3130 pro
602 3060 737 3115 facultate
756 3058 876 3113 docendi
901 3057 1026 3112 Berolini
1046 3060 1127 3113 susti·

62 3149 194 3216 nuissem,
214 3148 320 3202 ibidem
338 3150 367 3202 in
386 3151 533 3218 gymnasio
552 3148 712 3204 Coloniensi
736 3148 859 3217 primum
877 3148 1043 3202 candidatus
1063 3166 1126 3217 pro·

60 3239 177 3306 bandus,
197 3243 257 3292 tum
276 3239 511 3308 hypodidascalus
524 3240 685 3294 litterarum
703 3256 805 3308 pueros
824 3238 925 3292 docere
944 3237 1031 3306 coepi.
1058 3237 1127 3292 Post

62 3327 176 3395 aliquod
202 3328 336 3397 temporis
360 3329 482 3397 spatium
505 3329 534 3383 in
562 3329 739 3399 gymnasium
765 3327 918 3383 Sedinense
946 3327 1022 3381 reale
1053 3327 1127 3395 quod

59 3415 157 3469 dicunt
168 3417 403 3486 hypodidascalus
415 3418 575 3471 litterarum
587 3422 702 3472 vocatus
724 3418 818 3486 ibique
838 3435 889 3487 per
907 3418 1052 3472 biennium
1071 3418 1126 3471 hoc

59 3523 173 3559 munere
193 3506 313 3574 functus,
334 3511 485 3560 auctumno
505 3507 571 3560 anni
589 3507 658 3564 h.'s.
676 3507 820 3563 LXXXII
839 3509 950 3563 scholae
968 3509 1126 3577 puellarum

60 3596 210 3663 superioris
230 3613 300 3664 quae
319 3600 436 3650 vocatur
456 3596 687 3652 Grandentiensis
706 3598 841 3668 magister
853 3598 995 3652 litteratus
1014 3601 1125 3651 creatus

58 3702 128 3739 sum.

131 3774 266 3829 Omnibus
285 3781 380 3830 autem
399 3777 456 3831 illis
475 3777 543 3831 viris
564 3777 770 3844 illustrissimis,
791 3777 891 3844 quibus
911 3776 1076 3830 auctoribus
1095 3776 1125 3828 in

59 3861 219 3917 litterarum
238 3866 361 3920 studium
380 3867 504 3935 incubui,
524 3867 629 3936 gratias
648 3883 701 3935 ago
720 3883 803 3933 quam
822 3866 966 3919 maximas.
