2880 5094
485 622 706 683 „77-

62 833 226 917 incipiant,
252 833 310 899 sub
335 833 430 900 finem
455 834 539 900 aliae
562 829 807 900 allitterationes
830 830 945 896 litteris
969 834 1011 916 ,q‘
1036 820 1128 916 et',p‘

65 941 196 1007 effectae
226 941 486 1025 interponentem
527 965 553 1014 v,
593 944 624 1023 5,
659 947 709 1020 27,
744 943 783 1002 12
815 959 885 1022 sqq.
911 977 951 985 —-
977 937 1129 1004 Ceterum

63 1047 284 1114 adnotandum
314 1055 365 1113 est
397 1048 485 1112 haud
518 1070 592 1113 raro
627 1048 774 1112 vitiosam
801 1044 871 1109 fieri
899 1045 1129 1112 allitteratione
1184 1029 1189 1035 ⁵
1224 1046 1226 1053 '

63 1157 157 1220 nimis
188 1154 342 1221 adamata
374 1154 457 1219 Livii
477 1155 677 1237 orationem,
712 1173 795 1234 quae
827 1172 891 1216 non
923 1153 988 1217 iam
1014 1160 1129 1218 ornata

63 1284 168 1347 neque
199 1262 373 1346 splendens
405 1262 544 1344 incedat,
578 1261 635 1326 sed
667 1260 751 1325 malo
787 1258 967 1325 litterarum
1000 1261 1128 1344 saepius

63 1369 275 1454 repetitarum
300 1391 377 1434 sono
402 1369 575 1450 legentium
599 1390 693 1433 aures
718 1366 869 1433 offendat.

153 1474 227 1559 Qua
269 1477 378 1541 oblata
419 1477 586 1541 occasione
628 1475 735 1540 facere
767 1496 831 1539 non
864 1495 1008 1560 possum,
1052 1473 1129 1557 quin

64 1603 168 1667 pauca
192 1581 311 1647 addam
329 1581 369 1648 de
390 1582 453 1646 elio
471 1583 610 1665 quodam
635 1581 762 1648 dicendi
784 1583 908 1665 generis
932 1582 1017 1666 vitio,
1041 1580 1129 1665 quod

64 1690 240 1754 variatione
273 1691 453 1755 accuratius
487 1690 656 1755 observata
687 1690 782 1755 facile
813 1689 885 1755 tolli
911 1688 1027 1772 potuit.
1074 1687 1130 1752 In·

65 1799 230 1881 quiramus
253 1798 352 1880 igitur
374 1798 407 1861 in

427 1978 756 2060 Homoeoteleuton

66 2118 152 2200 quod
193 2126 311 2185 vocant
352 2121 562 2203 grammatici.
619 2118 675 2184 Fit
713 2117 794 2184 illud
828 2116 966 2200 quidem,
1000 2123 1037 2180 ut
1068 2115 1129 2180 hoc

66 2247 193 2309 quoque
217 2229 383 2313 attingam,
408 2235 485 2310 tum,
515 2249 587 2291 cum
615 2247 711 2312 pares
739 2227 789 2291 vel
818 2225 935 2290 similes
959 2222 1129 2288 verborum

64 2335 166 2399 exitus
190 2336 281 2399 iuxta
306 2344 554 2418 componuntur;
578 2333 612 2399 id
637 2333 724 2418 quod
748 2339 861 2399 neuter
885 2331 1022 2415 scriptor
1037 2350 1129 2394 cunc-

64 2447 150 2504 tatus
176 2449 226 2505 est
250 2442 408 2507 exhibere.
457 2443 502 2506 Et
526 2443 553 2507 si
576 2440 841 2526 Nipperdeium¹)
867 2439 968 2525 audis,
992 2439 1128 2523 primum

63 2549 125 2611 tria
156 2546 253 2610 verba
293 2547 324 2610 in
360 2547 494 2611 eandem
528 2548 685 2632 syllabam
719 2548 867 2613 exeuntia
900 2546 1012 2610 crebro
1046 2566 1129 2610 com·
1156 2622 1158 2627 Ι

63 2661 228 2738 ponuntur
260 2678 280 2718 a
311 2653 434 2736 Tacito,
470 2655 566 2719 etiam
594 2655 627 2718 in
651 2654 849 2734 Annalibus;
874 2653 960 2717 velut
983 2653 1071 2718 Hist.
1099 2657 1128 2735 1,

63 2767 92 2842 6,
120 2765 160 2828 13
195 2761 425 2846 ,opprimendis
450 2761 596 2831 Vindicis
630 2762 771 2844 coeptis‘.
805 2763 834 2844 3,
869 2764 920 2846 21,
956 2764 995 2823 13
1027 2780 1129 2842 ,prae-

62 2870 224 2934 torianum
248 2870 398 2935 vexillum
422 2871 620 2955 proximum‘.
645 2873 674 2953 4,
701 2873 751 2950 17,
778 2871 819 2933 22
846 2888 949 2948 ‚caeso
973 2865 1128 2949 Quintilio

62 2976 170 3047 Varo‘‚
195 2976 282 3041 Ann.
318 2982 345 3058 1,
379 2982 408 3062 5,
441 2981 462 3040 4
494 2999 567 3062 ,uno
591 2976 695 3041 Fabio
720 2975 887 3046 Maximo‘.
910 2974 951 3038 ib.
981 2978 1019 3038 ll
1046 2995 1129 3056 ,pro
1236 2965 1238 2970 ’

62 3085 148 3168 peris
173 3085 285 3149 matris
309 3085 446 3151 litteris‘.
470 3084 513 3150 ib.
540 3089 590 3166 11,
618 3088 658 3148 12
682 3082 807 3168 ,quibus
831 3104 913 3146 unus
937 3082 1059 3146 metus‘.
1084 3081 1128 3153 ib,

66 3197 115 3277 16,
150 3195 168 3257 2
204 3193 309 3273 ,nullis
342 3193 430 3256 nouis
465 3193 588 3258 causis‘.
633 3192 674 3257 ib.
713 3197 763 3273 17,
800 3196 816 3256 1
851 3190 932 3273 ,aliis
965 3188 1129 3254 seditionis

61 3300 232 3364 ministris‘.
267 3304 296 3382 3,
322 3303 351 3380 6,
381 3305 400 3364 8
424 3301 553 3382 ,amissa
576 3301 671 3364 unica
692 3299 777 3364 filia‘.
803 3297 843 3368 ib.
870 3302 922 3380 55,
950 3294 1128 3379 l,Auditis

64 3403 210 3472 Caesaris
243 3407 379 3472 litteris‘.
417 3412 466 3489 12,
500 3411 553 3489 47,
590 3412 606 3471 1
633 3407 676 3490 ,in
704 3407 872 3490 amplexus
896 3405 963 3469 eius
988 3402 1126 3468 effusus‘.

65 3517 113 3590 13,
140 3521 168 3597 8,
195 3519 212 3577 7
248 3515 348 3594 ,locus
381 3515 551 3580 virtutibus
585 3514 787 3600 patefactus‘.
821 3514 862 3579 ib.
887 3517 939 3594 31,
971 3517 986 3575 1
1014 3533 1130 3595 ,pauca

62 3620 216 3686 memoria
252 3620 370 3704 digna!
402 3623 443 3688 ib.
477 3627 531 3705 46,
564 3627 605 3687 14
629 3643 765 3706 ,summa
788 3619 921 3685 fortuna
944 3619 1060 3701 digna‘.
1085 3619 1127 3683 ib.

61 3731 115 3809 47,
142 3733 160 3791 6
194 3729 338 3812 ,celebris
372 3731 537 3794 nocturnis
561 3730 748 3795 inlecebris‘.
781 3731 832 3810 14,
865 3730 918 3808 36,
954 3727 995 3791 10
1023 3732 1129 3809 ,parta

61 3835 195 3900 victoria
229 3839 362 3903 cuncta‘.
396 3838 437 3902 In
470 3838 679 3920 sequentibus
712 3837 796 3901 enim
827 3858 899 3900 cum
927 3832 1128 3918 Nipperdeio

60 3940 231 4009 lectionem
255 3943 409 4009 traditam
433 3950 539 4011 Servo:
565 3944 655 4029 ,ipsis
672 3946 826 4019 cessura‘3
850 3940 1001 4007 Halmius
1018 3961 1128 4006 secun-

62 4048 138 4114 dum
163 4049 427 4117 Doederleinium
452 4051 553 4117 edidit
578 4051 659 4136 ,ipsa
681 4051 721 4116 iis
745 4052 895 4133 cessura‘,
925 4047 981 4113 sed
1005 4068 1127 4130 vereor,

62 4163 98 4222 ut
122 4179 300 4241 pronomen
326 4159 419 4243 ‚ipsa‘
443 4158 484 4223 ad
509 4157 698 4223 adiectivum
722 4158 857 4240 ,cuneta‘
880 4154 992 4221 referri
1012 4154 1126 4240 possit,

60 4265 102 4335 ib.
131 4270 171 4330 13
197 4273 314 4348 ,certus
340 4272 471 4331 eventus
488 4263 681 4336 Suetonius‘.
713 4268 763 4349 15,
788 4270 818 4347 8,
845 4268 861 4328 1
888 4263 977 4347 ,satis
993 4262 1129 4327 firmatis

60 4372 296 4438 hibernaculis‘.
321 4373 362 4443 ib.
389 4376 442 4455 37,
470 4378 508 4437 17
533 4374 576 4457 ,in
599 4372 730 4438 modum
758 4372 959 4437 sollemnium
989 4370 1128 4452 coniugi-

131 4584 153 4657 1)
175 4587 205 4639 in
225 4586 319 4641 adnot.
338 4585 375 4640 sd
392 4587 466 4640 Anu.
486 4585 510 4656 1,
529 4588 573 4642 24.
912 4588 947 4641 111
