2880 5094
604 670 824 731 „13-

188 862 273 946 fugit
297 863 430 928 salutem
455 862 592 928 civitatis
622 863 683 927 nisi
707 886 727 927 a
749 864 893 948 principe
922 865 1099 949 exspectari
1123 864 1246 930 nullam

184 990 296 1051 posse3
321 968 501 1035 describere
516 972 615 1054 igitur
630 972 739 1052 voluit,
757 973 956 1056 principatus
974 972 1247 1055 quemadmodum

186 1078 227 1142 ab
260 1077 358 1142 initiis
393 1084 468 1162 post
495 1098 636 1161 pugnam
671 1075 842 1142 Actiacam
877 1099 978 1161 usque
1013 1078 1055 1142 ad
1088 1101 1247 1143 summum

183 1184 345 1266 fastigium
370 1184 498 1249 Nervae
522 1206 560 1249 ac
586 1184 721 1249 Traiani
744 1185 941 1269 temporibus
958 1187 1166 1270 pervenisset,
1192 1187 1247 1269 qui

188 1291 316 1374 quidem
350 1313 404 1357 res
436 1291 511 1357 olim
547 1291 768 1358 dissociabiies
791 1294 1003 1369 miscuissent,
1033 1293 1247 1378 principatum

184 1419 221 1462 ac
243 1398 436 1479 libertatem,
462 1398 695 1482 unxissentque
713 1399 831 1465 cotidie
846 1398 1032 1465 felicitatem
1055 1409 1246 1485 temporum.

183 1503 390 1571 Tristissimis
414 1512 521 1571 autern
556 1505 755 1590 temporibus
790 1507 831 1571 ad
857 1507 1102 1572 describendum
1137 1507 1247 1572 electis

182 1612 217 1677 id
241 1613 315 1696 egit,
339 1620 378 1677 ut
402 1620 548 1677 moneret
583 1621 614 1679 et
648 1614 810 1698 principes
847 1621 880 1683 et
907 1615 1000 1691 cives
1036 1637 1077 1679 ne
1107 1615 1140 1678 in
1170 1613 1248 1679 talia

184 1722 261 1785 vitia
284 1721 470 1802 sceleraque
493 1720 720 1804 irrumperent,
752 1723 823 1805 ipsa
847 1743 966 1804 eorum,
993 1722 1049 1804 qui
1071 1722 1133 1788 hoc
1156 1720 1248 1787 fecis-

188 1834 268 1908 sent,
294 1826 434 1912 pernicie
458 1833 532 1890 aute
558 1827 698 1890 omnium
723 1827 832 1892 oculos
856 1830 972 1912 posita,
1032 1828 1084 1894 Eo
1113 1827 1247 1910 accedit,

191 1933 278 2017 quod
302 1933 431 2000 Tacitus
456 1940 640 1998 constanter
668 1934 821 2000 credebat
843 1936 1008 2002 hominum
1032 1937 1139 2019 vitam,
1165 1938 1248 2002 sicut

187 2041 378 2125 praestituta
401 2049 494 2123 esset,
520 2042 647 2106 evenire
674 2064 780 2125 neque
804 2042 881 2110 deos
905 2043 1117 2109 humanarum
1140 2065 1248 2108 rerum

186 2149 284 2214 ullam
308 2148 428 2215 habere
451 2151 619 2233 rationem,
656 2150 713 2215 scd
736 2151 868 2216 immoto
898 2152 1015 2236 animo,
1049 2173 1108 2216 nec
1136 2152 1248 2236 propi-

185 2256 247 2321 tios
271 2255 455 2323 homiuibus
488 2279 592 2341 neque
619 2258 730 2339 iratos,
766 2258 833 2324 fato
871 2258 1013 2345 obsequi,
1049 2259 1246 2342 ‚aequitate‘‚

186 2364 324 2448 ut·ipse
347 2363 434 2434 Anu.
464 2365 563 2447 XVI,
601 2371 641 2430 33
668 2365 754 2447 dicit,
791 2387 879 2448 ‚erga
901 2367 987 2432 bona
1014 2368 1163 2449 malaque
1192 2365 1248 2430 do-

185 2474 355 2536 cumenta‘
415 2469 540 2555 Quibus
564 2473 659 2537 rebus
689 2471 808 2537 factum
841 2482 899 2555 est,
930 2481 966 2539 ut
990 2496 1090 2557 genus
1121 2495 1249 2557 quoque

185 2577 323 2660 dicendi,
343 2579 428 2662 quod
446 2579 619 2661 adamavit,
645 2581 738 2645 triste
754 2580 887 2662 aliquod
904 2587 937 2645 et
953 2602 1103 2647 severum
1119 2580 1247 2661 habeat,

189 2692 355 2751 austerum
379 2693 412 2750 et
434 2693 602 2768 maestum,
635 2688 774 2752 insolens
799 2695 831 2752 et
855 2690 1059 2770 concitatum,
1085 2688 1172 2773 quod
1196 2711 1250 2772 ap-

196 2793 295 2875 prime
319 2796 467 2860 conuenit
490 2794 532 2858 ad
556 2795 713 2859 noviciam
737 2795 864 2860 dicendi
888 2802 1000 2867 artem.
1057 2797 1154 2860 Hanc
1178 2816 1251 2860 oon·

193 2901 274 2967 sulto
297 2900 431 2968 Tacitus
460 2904 582 2986 impetu
606 2902 703 2965 etiam
726 2904 846 2967 maiore
869 2902 1020 2966 instruxit
1060 2904 1106 2966 ita
1128 2909 1245 2982 tamen,

191 3014 230 3072 ut
255 3000 380 3094 semper
415 3031 487 3074 cum
522 3008 627 3074 verbis
661 3029 713 3073 res
749 3009 966 3073 consentirent
999 3009 1251 3093 implereturque

189 3114 274 3181 nora
295 3138 347 3182 ars
373 3117 573 3201 amplissima
597 3116 848 3198 dignissimaque
872 3116 1014 3186 materia.

280 3222 346 3291 Sed
369 3226 432 3290 iam
457 3226 588 3289 tortium
612 3223 692 3288 illud
716 3223 817 3305 attigi,
853 3223 893 3287 de
923 3245 986 3306 quo
1015 3245 1115 3307 supra
1130 3220 1154 3308 1)
1183 3221 1251 3286 dixi

189 3330 412 3397 disserendum
437 3333 511 3397 milu'
538 3353 618 3403 esse.
677 3328 773 3414 Quod
797 3331 863 3396 noli
886 3332 1009 3412 mirari3
1038 3352 1142 3414 neque
1167 3329 1251 3393 enim

190 3438 353 3520 ingenium
388 3440 434 3504 ita
457 3441 572 3504 acriter
602 3440 722 3522 diiungi
745 3446 854 3524 potest
892 3440 1142 3524 atemporibus,
1181 3438 1249 3523 qui-

190 3545 251 3611 bus
286 3547 442 3611 nutritum
477 3547 713 3630 educatumque
748 3547 800 3620 sit,
864 3546 921 3611 Ad
956 3549 1120 3631 inceptum
1152 3545 1252 3629 igitur

189 3650 287 3717 redeo
313 3661 353 3734 et,
380 3654 531 3736 quoniam
561 3653 600 3717 de
624 3653 729 3718 Taciti
751 3655 880 3737 ingenio
909 3676 1014 3739 pauca
1037 3653 1135 3719 modo
1160 3673 1251 3736 prae-

190 3761 268 3845 cepi,
294 3759 334 3824 de
358 3761 412 3825 illo
436 3762 577 3845 primum
601 3781 769 3844 exponam.

277 3867 341 3934 Est
376 3868 505 3950 quidem
540 3866 673 3934 Tacitus
707 3870 755 3932 vir
790 3869 896 3951 gravis
932 3875 964 3932 et
996 3888 1136 3948 severus,
1174 3865 1251 3931 clati

189 3977 295 4058 animi,
320 3976 482 4040 maestitia
503 3974 663 4041 libertatis
687 3977 824 4042 amissae
850 3976 1040 4060 priscaeque
1064 3973 1253 4057 disciplinae

190 4082 349 4149 desiderio
374 4083 577 4148 vehementer
593 4090 782 4165 commotus,
801 4083 980 4167 praesentis
997 4081 1160 4146 servitutis
1184 4100 1252 4144 mo·

188 4210 326 4273 rumque
349 4190 497 4256 lasciviae
533 4211 659 4255 summo
685 4189 758 4255 odio
784 4189 940 4270 adfectus,
976 4189 1166 4253 mutationis
1194 4207 1253 4271 spe

192 4304 225 4362 et
248 4295 381 4380 deorum
403 4296 468 4362 fide
492 4297 676 4379 destitutus,
714 4297 881 4363 detestans
908 4298 970 4362 vile
992 4297 1118 4378 vulgus,
1147 4315 1253 4377 neque

189 4410 297 4469 tamen
321 4406 484 4488 generosis
519 4405 703 4470 hominibus
727 4405 923 4487 obtrectans,
960 4403 1018 4471 sed
1040 4402 1090 4467 ira
1113 4399 1253 4486 quadam

260 4618 281 4691 ¹)
300 4637 327 4675 v.
345 4636 410 4690 pag.
429 4617 454 4675 6.
1040 4689 1058 4744 9
