2880 5094
76 39 1386 263 ψ

608 611 826 673 ...15-

184 805 317 889 respuit,
345 804 378 869 in
402 825 436 869 se
460 804 581 888 recepit
604 803 773 870 dissimilia
797 813 829 871 et
851 805 936 871 inter
960 828 994 872 se
1018 806 1245 892 discrepantia.

185 913 315 977 Etenim
338 911 483 977 membra
506 912 734 978 sententiarum
758 913 830 999 pari
852 914 924 980 loco
950 922 982 979 et
1004 921 1166 998 potestate
1191 935 1247 998 po·

187 1020 248 1084 sita
275 1017 405 1083 Tacitus
429 1017 535 1084 forma
556 1020 717 1085 rarissime
741 1021 889 1103 aequalia
912 1020 1063 1103 reddidit,
1090 1023 1249 1104 quaesivit

185 1126 455 1208 inaequalitatem,
484 1126 531 1190 ita
554 1132 590 1190 ut
614 1126 678 1190 alia
700 1125 773 1192 aliis
798 1128 901 1193 verbis
932 1127 1110 1193 declararet
1138 1127 1247 1192 variis-

186 1233 298 1316 quein
320 1232 432 1297 eadem
453 1234 612 1297 sententia
635 1240 779 1298 uteretur
806 1234 856 1300 vel
879 1235 983 1300 verbis
1013 1235 1063 1299 161
1091 1255 1249 1316 gramma-

184 1341 248 1405 tica
271 1339 482 1426 structura1)
534 1339 750 1406 Nihilominus
790 1342 898 1407 omnia
936 1342 992 1407 illa
1031 1341 1249 1425 discrepantia

184 1455 250 1513 tam
277 1454 348 1512 arte
375 1447 459 1510 inter
487 1467 520 1511 se
543 1447 653 1512 iuncta
687 1455 762 1512 sunt
794 1456 826 1512 et
849 1457 1019 1533 tantopere
1052 1449 1247 1532 coaluerunt,

183 1563 220 1621 ut
246 1578 345 1619 unum
383 1553 450 1618 fere
482 1575 599 1638 corpus
634 1562 667 1619 et
702 1562 806 1620 totum
840 1563 872 1621 et
899 1557 1036 1640 simplex
1069 1556 1249 1632 conficiant,

185 1661 281 1746 Quod
310 1661 453 1745 quamvis
487 1683 610 1725 summa
642 1670 711 1726 arte
748 1661 944 1746 perfundere
980 1662 1112 1729 Tacitus
1145 1666 1248 1730 inten-

188 1769 279 1852 derit,
305 1768 466 1835 tamenin
490 1771 636 1834 oratione
669 1769 735 1833 eius
764 1791 922 1853 nusquam
949 1772 1089 1837 contorti
1124 1771 1247 1854 aliquid

189 1883 244 1941 aut
277 1877 460 1969 exaggerati
498 1875 703 1962 perspicitur,
748 1898 886 1959 namque
926 1877 1070 1942 abundat
1109 1880 1247 1963 scriptor

186 1990 292 2048 mente
321 1990 353 2047 et
375 1984 482 2047 animo
507 1989 539 2047 et
563 1982 722 2048 scribendi
746 1982 912 2067 facultate,
950 2007 1032 2068 quae
1068 1988 1247 2052 orationem

185 2090 335 2155 facillime
360 2091 388 2154 ei
413 2090 628 2174 suppeditent.

274 2197 340 2264 Sed
380 2218 476 2281 grave
515 2197 594 2263 illud
630 2197 694 2262 stili
729 2198 868 2263 Tacitini
903 2201 954 2266 vel
988 2201 1115 2288 σεμνόν,
1160 2201 1247 2265 errius

184 2305 308 2371 Plinius
333 2326 380 2390 ep.
412 2305 459 2388 II,
485 2308 524 2372 11
550 2307 744 2371 mentionem
775 2307 860 2388 feeit,
903 2310 999 2373 etiam
1027 2309 1102 2373 inde
1133 2329 1249 2391 cogno-

184 2413 292 2494 scitur,
316 2414 403 2496 quod
420 2416 557 2499 scriptor
589 2415 774 2498 saepissime
798 2423 967 2499 poetarum
997 2416 1129 2481 ditcioni
1153 2437 1250 2499 quam

182 2523 331 2604 proxime
354 2525 600 2608 appropinquat,
647 2523 821 2589 Incitatum
843 2527 977 2590 enimet
1001 2525 1160 2606 grandem
1182 2524 1248 2589 eius

185 2631 324 2696 animum
348 2633 419 2716 capi
455 2654 552 2714 quam
588 2633 724 2699 maxime
748 2634 922 2718 oportebat
950 2632 1157 2698 interioribus
1183 2632 1246 2697 illis

185 2761 222 2804 ac
243 2740 415 2806 reconditis
440 2747 611 2824 poetarum
633 2742 763 2807 vocibus
776 2767 783 2823 ;
798 2742 824 2827 2)
849 2749 882 2806 61
906 2762 944 2806 66
961 2743 1073 2824 magis,
1100 2740 1187 2825 quod
1211 2742 1245 2804 in

188 2848 322 2914 solutam
346 2856 423 2913 tunc
446 2848 600 2931 temporis
625 2851 803 2914 orationem
827 2849 931 2913 multa
958 2848 1156 2932 irrepserant
1180 2849 1247 2913 vul·

188 2957 277 3038 garia
299 2964 330 3022 et
352 2956 444 3038 levia,
471 2978 553 3038 quae
578 2963 743 3038 tamquam
768 2956 902 3040 indigna
924 2958 1052 3039 ingenio
1072 2978 1129 3021 suo
1153 2979 1247 3040 repu-

187 3063 285 3131 diavit
306 3063 449 3136 Tacitus,
496 3064 664 3129 Facillime
699 3072 810 3130 autem
846 3065 888 3129 ad
916 3074 1030 3150 poetas
1065 3065 1169 3149 potuit
1194 3086 1247 3145 ag-

185 3173 284 3255 gredi,
325 3173 400 3256 qnia
435 3193 499 3236 non
534 3172 635 3236 multo
671 3180 746 3237 ante
781 3172 958 3238 floruerant
985 3171 1146 3254 Augustei
1177 3172 1246 3236 aeri

184 3288 309 3364 poetae,
346 3301 482 3364 quorum
506 3279 633 3345 dicendi
657 3288 760 3345 artem
785 3288 887 3345 totam
914 3279 982 3346 1616
1007 3301 1097 3344 suam
1126 3279 1248 3343 fecerat

186 3396 273 3453 aetas
303 3387 424 3476 Taciti3
457 3389 566 3471 itaque
591 3387 711 3455 fautum
736 3396 793 3469 est,
818 3397 855 3452 nt
878 3386 1020 3469 Tacitus,
1051 3408 1247 3470 quamquam

184 3495 346 3579 permulta
369 3517 386 3561 e
409 3497 537 3580 poetico
563 3516 709 3560 sermone
732 3495 765 3559 in
789 3518 881 3559 suum
904 3517 997 3560 usum
1022 3494 1247 3576 transferebat,

185 3610 292 3668 tamen
328 3601 512 3684 offenderet,
537 3604 705 3668 neminem.
765 3602 880 3684 Neque
914 3623 1000 3683 vero,
1037 3611 1073 3665 ut
1101 3601 1248 3665 ultimum

186 3711 318 3796 addam,
342 3710 614 3795 praetereundum
647 3710 698 3773 hic
734 3716 782 3773 est
805 3709 972 3793 proprium
1008 3709 1130 3792 aliquid
1155 3708 1249 3774 Taci-

186 3819 273 3883 tinae
298 3821 463 3899 orationis,
501 3818 588 3901 quod
612 3839 677 3882 non
712 3817 754 3882 ad
779 3823 899 3882 certam
923 3816 1088 3899 quandam
1122 3826 1249 3899 partem

185 3926 299 3992 referri
321 3930 435 4011 possit,
472 3926 529 3992 sed
565 3947 674 3991 omnes
710 3925 936 4008 penetraverit.
994 3922 1146 3990 Cernitur
1168 3923 1249 3988 illud

187 4055 235 4116 eo,
272 4035 359 4118 quod
394 4037 534 4120 scriptor
561 4035 595 4099 111
624 4032 797 4115 narrando,
835 4033 979 4116 quamvis
1015 4053 1148 4114 operam
1184 4030 1248 4109 det,

258 4214 279 4284 ¹)
298 4215 342 4270 De
355 4234 410 4284 qua
428 4215 586 4269 variatione
599 4211 745 4266 Tacitinae
765 4212 899 4266 orationis
914 4211 1028 4279 optime,
1049 4211 1140 4278 quoad
1153 4210 1249 4264 videre

187 4307 280 4375 potui,
322 4307 478 4375 disputavit
522 4301 706 4359 Woelfflinus
751 4320 776 4363 v,
818 4302 864 4370 cl.,
908 4302 973 4355 vide
1008 4298 1110 4355 Philol.
1157 4299 1249 4370 XXV,

209 4398 318 4451 ,1216
360 4439 364 4448 .

187 4415 206 4467 p
259 4485 281 4558 2)
312 4415 357 4541 diq
376 4504 446 4556 quae
475 4487 509 4542 de
539 4486 578 4540 eis
606 4484 817 4558 praedicantem
844 4483 912 4538 facit
939 4482 1101 4540 Maternum
1129 4482 1159 4536 in
1177 4480 1251 4539 Dial.

188 4594 212 4637 6.
233 4578 275 4638 12.
